%YAML 1.1
%TAG !u! tag:unity3d.com,2011:
--- !u!29 &1
OcclusionCullingSettings:
  m_ObjectHideFlags: 0
  serializedVersion: 2
  m_OcclusionBakeSettings:
    smallestOccluder: 5
    smallestHole: 0.25
    backfaceThreshold: 100
  m_SceneGUID: 00000000000000000000000000000000
  m_OcclusionCullingData: {fileID: 0}
--- !u!104 &2
RenderSettings:
  m_ObjectHideFlags: 0
  serializedVersion: 9
  m_Fog: 0
  m_FogColor: {r: 0.5, g: 0.5, b: 0.5, a: 1}
  m_FogMode: 3
  m_FogDensity: 0.01
  m_LinearFogStart: 0
  m_LinearFogEnd: 300
  m_AmbientSkyColor: {r: 0.212, g: 0.227, b: 0.259, a: 1}
  m_AmbientEquatorColor: {r: 0.114, g: 0.125, b: 0.133, a: 1}
  m_AmbientGroundColor: {r: 0.047, g: 0.043, b: 0.035, a: 1}
  m_AmbientIntensity: 1
  m_AmbientMode: 0
  m_SubtractiveShadowColor: {r: 0.42, g: 0.478, b: 0.627, a: 1}
  m_SkyboxMaterial: {fileID: 2100000, guid: f95e4d473284ff649ae4658ffe8f073b, type: 2}
  m_HaloStrength: 0.5
  m_FlareStrength: 1
  m_FlareFadeSpeed: 3
  m_HaloTexture: {fileID: 0}
  m_SpotCookie: {fileID: 10001, guid: 0000000000000000e000000000000000, type: 0}
  m_DefaultReflectionMode: 0
  m_DefaultReflectionResolution: 128
  m_ReflectionBounces: 1
  m_ReflectionIntensity: 1
  m_CustomReflection: {fileID: 0}
  m_Sun: {fileID: 0}
  m_IndirectSpecularColor: {r: 0.25166735, g: 0.20965773, b: 0.3299188, a: 1}
  m_UseRadianceAmbientProbe: 0
--- !u!157 &3
LightmapSettings:
  m_ObjectHideFlags: 0
  serializedVersion: 11
  m_GIWorkflowMode: 0
  m_GISettings:
    serializedVersion: 2
    m_BounceScale: 1
    m_IndirectOutputScale: 1
    m_AlbedoBoost: 1
    m_TemporalCoherenceThreshold: 1
    m_EnvironmentLightingMode: 0
    m_EnableBakedLightmaps: 1
    m_EnableRealtimeLightmaps: 1
  m_LightmapEditorSettings:
    serializedVersion: 10
    m_Resolution: 2
    m_BakeResolution: 40
    m_AtlasSize: 1024
    m_AO: 0
    m_AOMaxDistance: 1
    m_CompAOExponent: 1
    m_CompAOExponentDirect: 0
    m_Padding: 2
    m_LightmapParameters: {fileID: 0}
    m_LightmapsBakeMode: 1
    m_TextureCompression: 1
    m_FinalGather: 0
    m_FinalGatherFiltering: 1
    m_FinalGatherRayCount: 256
    m_ReflectionCompression: 2
    m_MixedBakeMode: 2
    m_BakeBackend: 1
    m_PVRSampling: 1
    m_PVRDirectSampleCount: 32
    m_PVRSampleCount: 500
    m_PVRBounces: 2
    m_PVRFilterTypeDirect: 0
    m_PVRFilterTypeIndirect: 0
    m_PVRFilterTypeAO: 0
    m_PVRFilteringMode: 1
    m_PVRCulling: 1
    m_PVRFilteringGaussRadiusDirect: 1
    m_PVRFilteringGaussRadiusIndirect: 5
    m_PVRFilteringGaussRadiusAO: 2
    m_PVRFilteringAtrousPositionSigmaDirect: 0.5
    m_PVRFilteringAtrousPositionSigmaIndirect: 2
    m_PVRFilteringAtrousPositionSigmaAO: 1
    m_ShowResolutionOverlay: 1
  m_LightingDataAsset: {fileID: 0}
  m_UseShadowmask: 1
--- !u!196 &4
NavMeshSettings:
  serializedVersion: 2
  m_ObjectHideFlags: 0
  m_BuildSettings:
    serializedVersion: 2
    agentTypeID: 0
    agentRadius: 0.25
    agentHeight: 2
    agentSlope: 45
    agentClimb: 0.4
    ledgeDropHeight: 0
    maxJumpAcrossDistance: 0
    minRegionArea: 2
    manualCellSize: 0
    cellSize: 0.083333336
    manualTileSize: 0
    tileSize: 256
    accuratePlacement: 0
    debug:
      m_Flags: 0
  m_NavMeshData: {fileID: 23800000, guid: 87e66a5e4c93e22439de9fa8936a6f35, type: 2}
--- !u!1001 &64500234
Prefab:
  m_ObjectHideFlags: 0
  serializedVersion: 2
  m_Modification:
    m_TransformParent: {fileID: 0}
    m_Modifications:
    - target: {fileID: 4469076844697656, guid: 2825e9ab46674134da64456048c5a396, type: 2}
      propertyPath: m_LocalPosition.x
      value: -3.5
      objectReference: {fileID: 0}
    - target: {fileID: 4469076844697656, guid: 2825e9ab46674134da64456048c5a396, type: 2}
      propertyPath: m_LocalPosition.y
      value: 0
      objectReference: {fileID: 0}
    - target: {fileID: 4469076844697656, guid: 2825e9ab46674134da64456048c5a396, type: 2}
      propertyPath: m_LocalPosition.z
      value: -0
      objectReference: {fileID: 0}
    - target: {fileID: 4469076844697656, guid: 2825e9ab46674134da64456048c5a396, type: 2}
      propertyPath: m_LocalRotation.x
      value: 0
      objectReference: {fileID: 0}
    - target: {fileID: 4469076844697656, guid: 2825e9ab46674134da64456048c5a396, type: 2}
      propertyPath: m_LocalRotation.y
      value: -0.7071068
      objectReference: {fileID: 0}
    - target: {fileID: 4469076844697656, guid: 2825e9ab46674134da64456048c5a396, type: 2}
      propertyPath: m_LocalRotation.z
      value: 0
      objectReference: {fileID: 0}
    - target: {fileID: 4469076844697656, guid: 2825e9ab46674134da64456048c5a396, type: 2}
      propertyPath: m_LocalRotation.w
      value: 0.7071068
      objectReference: {fileID: 0}
    - target: {fileID: 4469076844697656, guid: 2825e9ab46674134da64456048c5a396, type: 2}
      propertyPath: m_RootOrder
      value: 8
      objectReference: {fileID: 0}
    - target: {fileID: 114948378037917150, guid: 2825e9ab46674134da64456048c5a396,
        type: 2}
      propertyPath: patrol
      value: 
      objectReference: {fileID: 631519519}
    m_RemovedComponents: []
  m_SourcePrefab: {fileID: 100100000, guid: 2825e9ab46674134da64456048c5a396, type: 2}
  m_IsPrefabAsset: 0
--- !u!1001 &142414166
Prefab:
  m_ObjectHideFlags: 0
  serializedVersion: 2
  m_Modification:
    m_TransformParent: {fileID: 1144728619}
    m_Modifications:
    - target: {fileID: 4030358309391986, guid: 85091103bdcc606499c7b8118d8e650f, type: 2}
      propertyPath: m_LocalPosition.x
      value: -1194.7601
      objectReference: {fileID: 0}
    - target: {fileID: 4030358309391986, guid: 85091103bdcc606499c7b8118d8e650f, type: 2}
      propertyPath: m_LocalPosition.y
      value: -782.751
      objectReference: {fileID: 0}
    - target: {fileID: 4030358309391986, guid: 85091103bdcc606499c7b8118d8e650f, type: 2}
      propertyPath: m_LocalPosition.z
      value: 28.240282
      objectReference: {fileID: 0}
    - target: {fileID: 4030358309391986, guid: 85091103bdcc606499c7b8118d8e650f, type: 2}
      propertyPath: m_LocalRotation.x
      value: -0
      objectReference: {fileID: 0}
    - target: {fileID: 4030358309391986, guid: 85091103bdcc606499c7b8118d8e650f, type: 2}
      propertyPath: m_LocalRotation.y
      value: -0
      objectReference: {fileID: 0}
    - target: {fileID: 4030358309391986, guid: 85091103bdcc606499c7b8118d8e650f, type: 2}
      propertyPath: m_LocalRotation.z
      value: -0
      objectReference: {fileID: 0}
    - target: {fileID: 4030358309391986, guid: 85091103bdcc606499c7b8118d8e650f, type: 2}
      propertyPath: m_LocalRotation.w
      value: 1
      objectReference: {fileID: 0}
    - target: {fileID: 4030358309391986, guid: 85091103bdcc606499c7b8118d8e650f, type: 2}
      propertyPath: m_RootOrder
      value: 11
      objectReference: {fileID: 0}
    - target: {fileID: 114873077971128810, guid: 85091103bdcc606499c7b8118d8e650f,
        type: 2}
      propertyPath: obj
      value: 
      objectReference: {fileID: 1949779466}
    m_RemovedComponents: []
  m_SourcePrefab: {fileID: 100100000, guid: 85091103bdcc606499c7b8118d8e650f, type: 2}
  m_IsPrefabAsset: 0
--- !u!4 &142414167 stripped
Transform:
  m_CorrespondingSourceObject: {fileID: 4030358309391986, guid: 85091103bdcc606499c7b8118d8e650f,
    type: 2}
  m_PrefabInternal: {fileID: 142414166}
--- !u!1001 &352463233
Prefab:
  m_ObjectHideFlags: 0
  serializedVersion: 2
  m_Modification:
    m_TransformParent: {fileID: 1778615724}
    m_Modifications:
    - target: {fileID: 224067699338353984, guid: 12de217a10559c34cbeaca453d43e4c4,
        type: 2}
      propertyPath: m_LocalPosition.x
      value: 0
      objectReference: {fileID: 0}
    - target: {fileID: 224067699338353984, guid: 12de217a10559c34cbeaca453d43e4c4,
        type: 2}
      propertyPath: m_LocalPosition.y
      value: 0
      objectReference: {fileID: 0}
    - target: {fileID: 224067699338353984, guid: 12de217a10559c34cbeaca453d43e4c4,
        type: 2}
      propertyPath: m_LocalPosition.z
      value: 0
      objectReference: {fileID: 0}
    - target: {fileID: 224067699338353984, guid: 12de217a10559c34cbeaca453d43e4c4,
        type: 2}
      propertyPath: m_LocalRotation.x
      value: -0
      objectReference: {fileID: 0}
    - target: {fileID: 224067699338353984, guid: 12de217a10559c34cbeaca453d43e4c4,
        type: 2}
      propertyPath: m_LocalRotation.y
      value: -0
      objectReference: {fileID: 0}
    - target: {fileID: 224067699338353984, guid: 12de217a10559c34cbeaca453d43e4c4,
        type: 2}
      propertyPath: m_LocalRotation.z
      value: -0
      objectReference: {fileID: 0}
    - target: {fileID: 224067699338353984, guid: 12de217a10559c34cbeaca453d43e4c4,
        type: 2}
      propertyPath: m_LocalRotation.w
      value: 1
      objectReference: {fileID: 0}
    - target: {fileID: 224067699338353984, guid: 12de217a10559c34cbeaca453d43e4c4,
        type: 2}
      propertyPath: m_RootOrder
      value: 0
      objectReference: {fileID: 0}
    - target: {fileID: 224067699338353984, guid: 12de217a10559c34cbeaca453d43e4c4,
        type: 2}
      propertyPath: m_AnchoredPosition.x
      value: 1480
      objectReference: {fileID: 0}
    - target: {fileID: 224067699338353984, guid: 12de217a10559c34cbeaca453d43e4c4,
        type: 2}
      propertyPath: m_AnchoredPosition.y
      value: 720
      objectReference: {fileID: 0}
    - target: {fileID: 224067699338353984, guid: 12de217a10559c34cbeaca453d43e4c4,
        type: 2}
      propertyPath: m_SizeDelta.x
      value: 2960
      objectReference: {fileID: 0}
    - target: {fileID: 224067699338353984, guid: 12de217a10559c34cbeaca453d43e4c4,
        type: 2}
      propertyPath: m_SizeDelta.y
      value: 1440
      objectReference: {fileID: 0}
    - target: {fileID: 224067699338353984, guid: 12de217a10559c34cbeaca453d43e4c4,
        type: 2}
      propertyPath: m_AnchorMin.x
      value: 0
      objectReference: {fileID: 0}
    - target: {fileID: 224067699338353984, guid: 12de217a10559c34cbeaca453d43e4c4,
        type: 2}
      propertyPath: m_AnchorMin.y
      value: 0
      objectReference: {fileID: 0}
    - target: {fileID: 224067699338353984, guid: 12de217a10559c34cbeaca453d43e4c4,
        type: 2}
      propertyPath: m_AnchorMax.x
      value: 0
      objectReference: {fileID: 0}
    - target: {fileID: 224067699338353984, guid: 12de217a10559c34cbeaca453d43e4c4,
        type: 2}
      propertyPath: m_AnchorMax.y
      value: 0
      objectReference: {fileID: 0}
    - target: {fileID: 224067699338353984, guid: 12de217a10559c34cbeaca453d43e4c4,
        type: 2}
      propertyPath: m_Pivot.x
      value: 0.5
      objectReference: {fileID: 0}
    - target: {fileID: 224067699338353984, guid: 12de217a10559c34cbeaca453d43e4c4,
        type: 2}
      propertyPath: m_Pivot.y
      value: 0.5
      objectReference: {fileID: 0}
    - target: {fileID: 114758405814299608, guid: 12de217a10559c34cbeaca453d43e4c4,
        type: 2}
      propertyPath: rotationTarget
      value: 
      objectReference: {fileID: 1949779464}
    m_RemovedComponents: []
  m_SourcePrefab: {fileID: 100100000, guid: 12de217a10559c34cbeaca453d43e4c4, type: 2}
  m_IsPrefabAsset: 0
--- !u!224 &352463234 stripped
RectTransform:
  m_CorrespondingSourceObject: {fileID: 224067699338353984, guid: 12de217a10559c34cbeaca453d43e4c4,
    type: 2}
  m_PrefabInternal: {fileID: 352463233}
--- !u!1001 &476852869
Prefab:
  m_ObjectHideFlags: 0
  serializedVersion: 2
  m_Modification:
    m_TransformParent: {fileID: 0}
    m_Modifications:
    - target: {fileID: 4475224468222936, guid: 44c7f1edad97ce04a950f09732998591, type: 2}
      propertyPath: m_LocalPosition.x
      value: 0
      objectReference: {fileID: 0}
    - target: {fileID: 4475224468222936, guid: 44c7f1edad97ce04a950f09732998591, type: 2}
      propertyPath: m_LocalPosition.y
      value: 0
      objectReference: {fileID: 0}
    - target: {fileID: 4475224468222936, guid: 44c7f1edad97ce04a950f09732998591, type: 2}
      propertyPath: m_LocalPosition.z
      value: 0
      objectReference: {fileID: 0}
    - target: {fileID: 4475224468222936, guid: 44c7f1edad97ce04a950f09732998591, type: 2}
      propertyPath: m_LocalRotation.x
      value: -0
      objectReference: {fileID: 0}
    - target: {fileID: 4475224468222936, guid: 44c7f1edad97ce04a950f09732998591, type: 2}
      propertyPath: m_LocalRotation.y
      value: 0.70710677
      objectReference: {fileID: 0}
    - target: {fileID: 4475224468222936, guid: 44c7f1edad97ce04a950f09732998591, type: 2}
      propertyPath: m_LocalRotation.z
      value: -0
      objectReference: {fileID: 0}
    - target: {fileID: 4475224468222936, guid: 44c7f1edad97ce04a950f09732998591, type: 2}
      propertyPath: m_LocalRotation.w
      value: 0.7071068
      objectReference: {fileID: 0}
    - target: {fileID: 4475224468222936, guid: 44c7f1edad97ce04a950f09732998591, type: 2}
      propertyPath: m_RootOrder
      value: 5
      objectReference: {fileID: 0}
    m_RemovedComponents: []
  m_SourcePrefab: {fileID: 100100000, guid: 44c7f1edad97ce04a950f09732998591, type: 2}
  m_IsPrefabAsset: 0
--- !u!1 &619277750
GameObject:
  m_ObjectHideFlags: 0
  m_CorrespondingSourceObject: {fileID: 0}
  m_PrefabInternal: {fileID: 0}
  serializedVersion: 6
  m_Component:
  - component: {fileID: 619277751}
  m_Layer: 0
  m_Name: Waypoint(Clone)
  m_TagString: Untagged
  m_Icon: {fileID: 5132851093641282708, guid: 0000000000000000d000000000000000, type: 0}
  m_NavMeshLayer: 0
  m_StaticEditorFlags: 0
  m_IsActive: 1
--- !u!4 &619277751
Transform:
  m_ObjectHideFlags: 0
  m_CorrespondingSourceObject: {fileID: 0}
  m_PrefabInternal: {fileID: 0}
  m_GameObject: {fileID: 619277750}
  m_LocalRotation: {x: -0, y: -0, z: -0, w: 1}
  m_LocalPosition: {x: 3.5, y: 0, z: 0}
  m_LocalScale: {x: 1, y: 1, z: 1}
  m_Children: []
  m_Father: {fileID: 631519520}
  m_RootOrder: 1
  m_LocalEulerAnglesHint: {x: 0, y: 0, z: 0}
--- !u!1 &624833440
GameObject:
  m_ObjectHideFlags: 0
  m_CorrespondingSourceObject: {fileID: 0}
  m_PrefabInternal: {fileID: 0}
  serializedVersion: 6
  m_Component:
  - component: {fileID: 624833442}
  - component: {fileID: 624833441}
  m_Layer: 0
  m_Name: WwiseGlobal
  m_TagString: Untagged
  m_Icon: {fileID: 0}
  m_NavMeshLayer: 0
  m_StaticEditorFlags: 0
  m_IsActive: 1
--- !u!114 &624833441
MonoBehaviour:
  m_ObjectHideFlags: 0
  m_CorrespondingSourceObject: {fileID: 0}
  m_PrefabInternal: {fileID: 0}
  m_GameObject: {fileID: 624833440}
  m_Enabled: 1
  m_EditorHideFlags: 0
  m_Script: {fileID: 11500000, guid: 6ba70f6d0d8bf4617a475a7b121fe515, type: 3}
  m_Name: 
  m_EditorClassIdentifier: 
  InitializationSettings: {fileID: 11400000, guid: 93633a1337e504f6a93772d79c02dc38,
    type: 2}
  basePath: 
  language: 
  defaultPoolSize: 0
  lowerPoolSize: 0
  streamingPoolSize: 0
  preparePoolSize: 0
  memoryCutoffThreshold: 0
  monitorPoolSize: 0
  monitorQueuePoolSize: 0
  callbackManagerBufferSize: 0
  spatialAudioPoolSize: 0
  maxSoundPropagationDepth: 0
  diffractionFlags: 0
  engineLogging: 0
--- !u!4 &624833442
Transform:
  m_ObjectHideFlags: 0
  m_CorrespondingSourceObject: {fileID: 0}
  m_PrefabInternal: {fileID: 0}
  m_GameObject: {fileID: 624833440}
  m_LocalRotation: {x: 0, y: 0, z: 0, w: 1}
  m_LocalPosition: {x: 0, y: 0, z: 0}
  m_LocalScale: {x: 1, y: 1, z: 1}
  m_Children: []
  m_Father: {fileID: 0}
  m_RootOrder: 2
  m_LocalEulerAnglesHint: {x: 0, y: 0, z: 0}
--- !u!114 &631519519 stripped
MonoBehaviour:
  m_CorrespondingSourceObject: {fileID: 114075937709120840, guid: 6da944a0473be35428f75cda33c95eb0,
    type: 2}
  m_PrefabInternal: {fileID: 1527667750}
  m_Script: {fileID: 11500000, guid: 4a5f74448a8b3b647a2edce2bfe8376b, type: 3}
--- !u!4 &631519520 stripped
Transform:
  m_CorrespondingSourceObject: {fileID: 4072199353881340, guid: 6da944a0473be35428f75cda33c95eb0,
    type: 2}
  m_PrefabInternal: {fileID: 1527667750}
--- !u!1001 &743242970
Prefab:
  m_ObjectHideFlags: 0
  serializedVersion: 2
  m_Modification:
    m_TransformParent: {fileID: 1778615724}
    m_Modifications:
    - target: {fileID: 224265169754617294, guid: 96c40ca9cef7fac4d9ccfbe57a8bb857,
        type: 2}
      propertyPath: m_LocalPosition.x
      value: 0
      objectReference: {fileID: 0}
    - target: {fileID: 224265169754617294, guid: 96c40ca9cef7fac4d9ccfbe57a8bb857,
        type: 2}
      propertyPath: m_LocalPosition.y
      value: 0
      objectReference: {fileID: 0}
    - target: {fileID: 224265169754617294, guid: 96c40ca9cef7fac4d9ccfbe57a8bb857,
        type: 2}
      propertyPath: m_LocalPosition.z
      value: 0
      objectReference: {fileID: 0}
    - target: {fileID: 224265169754617294, guid: 96c40ca9cef7fac4d9ccfbe57a8bb857,
        type: 2}
      propertyPath: m_LocalRotation.x
      value: 0
      objectReference: {fileID: 0}
    - target: {fileID: 224265169754617294, guid: 96c40ca9cef7fac4d9ccfbe57a8bb857,
        type: 2}
      propertyPath: m_LocalRotation.y
      value: 0
      objectReference: {fileID: 0}
    - target: {fileID: 224265169754617294, guid: 96c40ca9cef7fac4d9ccfbe57a8bb857,
        type: 2}
      propertyPath: m_LocalRotation.z
      value: 0
      objectReference: {fileID: 0}
    - target: {fileID: 224265169754617294, guid: 96c40ca9cef7fac4d9ccfbe57a8bb857,
        type: 2}
      propertyPath: m_LocalRotation.w
      value: 1
      objectReference: {fileID: 0}
    - target: {fileID: 224265169754617294, guid: 96c40ca9cef7fac4d9ccfbe57a8bb857,
        type: 2}
      propertyPath: m_RootOrder
      value: 3
      objectReference: {fileID: 0}
    - target: {fileID: 224265169754617294, guid: 96c40ca9cef7fac4d9ccfbe57a8bb857,
        type: 2}
      propertyPath: m_AnchoredPosition.x
      value: 0
      objectReference: {fileID: 0}
    - target: {fileID: 224265169754617294, guid: 96c40ca9cef7fac4d9ccfbe57a8bb857,
        type: 2}
      propertyPath: m_AnchoredPosition.y
      value: 0
      objectReference: {fileID: 0}
    - target: {fileID: 224265169754617294, guid: 96c40ca9cef7fac4d9ccfbe57a8bb857,
        type: 2}
      propertyPath: m_SizeDelta.x
      value: 100
      objectReference: {fileID: 0}
    - target: {fileID: 224265169754617294, guid: 96c40ca9cef7fac4d9ccfbe57a8bb857,
        type: 2}
      propertyPath: m_SizeDelta.y
      value: 100
      objectReference: {fileID: 0}
    - target: {fileID: 224265169754617294, guid: 96c40ca9cef7fac4d9ccfbe57a8bb857,
        type: 2}
      propertyPath: m_AnchorMin.x
      value: 0.5
      objectReference: {fileID: 0}
    - target: {fileID: 224265169754617294, guid: 96c40ca9cef7fac4d9ccfbe57a8bb857,
        type: 2}
      propertyPath: m_AnchorMin.y
      value: 0.5
      objectReference: {fileID: 0}
    - target: {fileID: 224265169754617294, guid: 96c40ca9cef7fac4d9ccfbe57a8bb857,
        type: 2}
      propertyPath: m_AnchorMax.x
      value: 0.5
      objectReference: {fileID: 0}
    - target: {fileID: 224265169754617294, guid: 96c40ca9cef7fac4d9ccfbe57a8bb857,
        type: 2}
      propertyPath: m_AnchorMax.y
      value: 0.5
      objectReference: {fileID: 0}
    - target: {fileID: 224265169754617294, guid: 96c40ca9cef7fac4d9ccfbe57a8bb857,
        type: 2}
      propertyPath: m_Pivot.x
      value: 0.5
      objectReference: {fileID: 0}
    - target: {fileID: 224265169754617294, guid: 96c40ca9cef7fac4d9ccfbe57a8bb857,
        type: 2}
      propertyPath: m_Pivot.y
      value: 0.5
      objectReference: {fileID: 0}
    m_RemovedComponents: []
  m_SourcePrefab: {fileID: 100100000, guid: 96c40ca9cef7fac4d9ccfbe57a8bb857, type: 2}
  m_IsPrefabAsset: 0
--- !u!224 &743242971 stripped
RectTransform:
  m_CorrespondingSourceObject: {fileID: 224265169754617294, guid: 96c40ca9cef7fac4d9ccfbe57a8bb857,
    type: 2}
  m_PrefabInternal: {fileID: 743242970}
--- !u!114 &743242972 stripped
MonoBehaviour:
  m_CorrespondingSourceObject: {fileID: 114893412935265038, guid: 96c40ca9cef7fac4d9ccfbe57a8bb857,
    type: 2}
  m_PrefabInternal: {fileID: 743242970}
  m_Script: {fileID: 11500000, guid: 4bbaf3f0502bda84996fc0094e72ad2c, type: 3}
--- !u!1001 &786555044
Prefab:
  m_ObjectHideFlags: 0
  serializedVersion: 2
  m_Modification:
    m_TransformParent: {fileID: 1144728619}
    m_Modifications:
    - target: {fileID: 114884358720610300, guid: ae0e27b95a4600b47b0277700a0fef66,
        type: 2}
      propertyPath: Response.m_PersistentCalls.m_Calls.Array.size
      value: 2
      objectReference: {fileID: 0}
    - target: {fileID: 224248104017727280, guid: ae0e27b95a4600b47b0277700a0fef66,
        type: 2}
      propertyPath: m_LocalPosition.x
      value: 0
      objectReference: {fileID: 0}
    - target: {fileID: 224248104017727280, guid: ae0e27b95a4600b47b0277700a0fef66,
        type: 2}
      propertyPath: m_LocalPosition.y
      value: 0
      objectReference: {fileID: 0}
    - target: {fileID: 224248104017727280, guid: ae0e27b95a4600b47b0277700a0fef66,
        type: 2}
      propertyPath: m_LocalPosition.z
      value: 28.240282
      objectReference: {fileID: 0}
    - target: {fileID: 224248104017727280, guid: ae0e27b95a4600b47b0277700a0fef66,
        type: 2}
      propertyPath: m_LocalRotation.x
      value: -0
      objectReference: {fileID: 0}
    - target: {fileID: 224248104017727280, guid: ae0e27b95a4600b47b0277700a0fef66,
        type: 2}
      propertyPath: m_LocalRotation.y
      value: -0
      objectReference: {fileID: 0}
    - target: {fileID: 224248104017727280, guid: ae0e27b95a4600b47b0277700a0fef66,
        type: 2}
      propertyPath: m_LocalRotation.z
      value: -0
      objectReference: {fileID: 0}
    - target: {fileID: 224248104017727280, guid: ae0e27b95a4600b47b0277700a0fef66,
        type: 2}
      propertyPath: m_LocalRotation.w
      value: 1
      objectReference: {fileID: 0}
    - target: {fileID: 224248104017727280, guid: ae0e27b95a4600b47b0277700a0fef66,
        type: 2}
      propertyPath: m_RootOrder
      value: 0
      objectReference: {fileID: 0}
    - target: {fileID: 224248104017727280, guid: ae0e27b95a4600b47b0277700a0fef66,
        type: 2}
      propertyPath: m_AnchoredPosition.x
      value: 285.23987
      objectReference: {fileID: 0}
    - target: {fileID: 224248104017727280, guid: ae0e27b95a4600b47b0277700a0fef66,
        type: 2}
      propertyPath: m_AnchoredPosition.y
      value: -62.750977
      objectReference: {fileID: 0}
    - target: {fileID: 224248104017727280, guid: ae0e27b95a4600b47b0277700a0fef66,
        type: 2}
      propertyPath: m_SizeDelta.x
      value: 100
      objectReference: {fileID: 0}
    - target: {fileID: 224248104017727280, guid: ae0e27b95a4600b47b0277700a0fef66,
        type: 2}
      propertyPath: m_SizeDelta.y
      value: 100
      objectReference: {fileID: 0}
    - target: {fileID: 224248104017727280, guid: ae0e27b95a4600b47b0277700a0fef66,
        type: 2}
      propertyPath: m_AnchorMin.x
      value: 0.5
      objectReference: {fileID: 0}
    - target: {fileID: 224248104017727280, guid: ae0e27b95a4600b47b0277700a0fef66,
        type: 2}
      propertyPath: m_AnchorMin.y
      value: 0.5
      objectReference: {fileID: 0}
    - target: {fileID: 224248104017727280, guid: ae0e27b95a4600b47b0277700a0fef66,
        type: 2}
      propertyPath: m_AnchorMax.x
      value: 0.5
      objectReference: {fileID: 0}
    - target: {fileID: 224248104017727280, guid: ae0e27b95a4600b47b0277700a0fef66,
        type: 2}
      propertyPath: m_AnchorMax.y
      value: 0.5
      objectReference: {fileID: 0}
    - target: {fileID: 224248104017727280, guid: ae0e27b95a4600b47b0277700a0fef66,
        type: 2}
      propertyPath: m_Pivot.x
      value: 0.5
      objectReference: {fileID: 0}
    - target: {fileID: 224248104017727280, guid: ae0e27b95a4600b47b0277700a0fef66,
        type: 2}
      propertyPath: m_Pivot.y
      value: 0.5
      objectReference: {fileID: 0}
    - target: {fileID: 114654620463186094, guid: ae0e27b95a4600b47b0277700a0fef66,
        type: 2}
      propertyPath: dashController
      value: 
      objectReference: {fileID: 1071046262}
    - target: {fileID: 114654620463186094, guid: ae0e27b95a4600b47b0277700a0fef66,
        type: 2}
      propertyPath: endOfAim
      value: 
      objectReference: {fileID: 1949779465}
    - target: {fileID: 114884358720610300, guid: ae0e27b95a4600b47b0277700a0fef66,
        type: 2}
      propertyPath: Response.m_PersistentCalls.m_Calls.Array.data[2].m_Mode
      value: 1
      objectReference: {fileID: 0}
    - target: {fileID: 114884358720610300, guid: ae0e27b95a4600b47b0277700a0fef66,
        type: 2}
      propertyPath: Response.m_PersistentCalls.m_Calls.Array.data[2].m_CallState
      value: 2
      objectReference: {fileID: 0}
    - target: {fileID: 114884358720610300, guid: ae0e27b95a4600b47b0277700a0fef66,
        type: 2}
      propertyPath: Response.m_PersistentCalls.m_Calls.Array.data[1].m_Target
      value: 
      objectReference: {fileID: 1949779462}
    - target: {fileID: 114884358720610300, guid: ae0e27b95a4600b47b0277700a0fef66,
        type: 2}
      propertyPath: Response.m_PersistentCalls.m_Calls.Array.data[1].m_MethodName
      value: StartAiming
      objectReference: {fileID: 0}
    - target: {fileID: 114012301474158448, guid: ae0e27b95a4600b47b0277700a0fef66,
        type: 2}
      propertyPath: Response.m_PersistentCalls.m_Calls.Array.data[1].m_Target
      value: 
      objectReference: {fileID: 1949779462}
    - target: {fileID: 114012301474158448, guid: ae0e27b95a4600b47b0277700a0fef66,
        type: 2}
      propertyPath: Response.m_PersistentCalls.m_Calls.Array.data[1].m_MethodName
      value: StopAiming
      objectReference: {fileID: 0}
    - target: {fileID: 114884358720610300, guid: ae0e27b95a4600b47b0277700a0fef66,
        type: 2}
      propertyPath: Response.m_PersistentCalls.m_Calls.Array.data[2].m_Target
      value: 
      objectReference: {fileID: 1071046263}
    - target: {fileID: 114654620463186094, guid: ae0e27b95a4600b47b0277700a0fef66,
        type: 2}
      propertyPath: startOfAim
      value: 
      objectReference: {fileID: 1949779467}
    m_RemovedComponents: []
  m_SourcePrefab: {fileID: 100100000, guid: ae0e27b95a4600b47b0277700a0fef66, type: 2}
  m_IsPrefabAsset: 0
--- !u!114 &786555045 stripped
MonoBehaviour:
  m_CorrespondingSourceObject: {fileID: 114654620463186094, guid: ae0e27b95a4600b47b0277700a0fef66,
    type: 2}
  m_PrefabInternal: {fileID: 786555044}
  m_Script: {fileID: 11500000, guid: d50c2dee49cd47b42a7c381ebefa686e, type: 3}
--- !u!224 &786555046 stripped
RectTransform:
  m_CorrespondingSourceObject: {fileID: 224248104017727280, guid: ae0e27b95a4600b47b0277700a0fef66,
    type: 2}
  m_PrefabInternal: {fileID: 786555044}
--- !u!1 &947458385
GameObject:
  m_ObjectHideFlags: 0
  m_CorrespondingSourceObject: {fileID: 0}
  m_PrefabInternal: {fileID: 0}
  serializedVersion: 6
  m_Component:
  - component: {fileID: 947458386}
  m_Layer: 0
  m_Name: '----game----'
  m_TagString: Untagged
  m_Icon: {fileID: 0}
  m_NavMeshLayer: 0
  m_StaticEditorFlags: 0
  m_IsActive: 1
--- !u!4 &947458386
Transform:
  m_ObjectHideFlags: 0
  m_CorrespondingSourceObject: {fileID: 0}
  m_PrefabInternal: {fileID: 0}
  m_GameObject: {fileID: 947458385}
  m_LocalRotation: {x: 0, y: 0, z: 0, w: 1}
  m_LocalPosition: {x: -8.392855, y: -7.78584, z: -5.2643723}
  m_LocalScale: {x: 1, y: 1, z: 1}
  m_Children: []
  m_Father: {fileID: 0}
  m_RootOrder: 0
  m_LocalEulerAnglesHint: {x: 0, y: 0, z: 0}
--- !u!1 &968808834
GameObject:
  m_ObjectHideFlags: 0
  m_CorrespondingSourceObject: {fileID: 0}
  m_PrefabInternal: {fileID: 0}
  serializedVersion: 6
  m_Component:
  - component: {fileID: 968808835}
  m_Layer: 0
  m_Name: '----level----'
  m_TagString: Untagged
  m_Icon: {fileID: 0}
  m_NavMeshLayer: 0
  m_StaticEditorFlags: 0
  m_IsActive: 1
--- !u!4 &968808835
Transform:
  m_ObjectHideFlags: 0
  m_CorrespondingSourceObject: {fileID: 0}
  m_PrefabInternal: {fileID: 0}
  m_GameObject: {fileID: 968808834}
  m_LocalRotation: {x: 0, y: 0, z: 0, w: 1}
  m_LocalPosition: {x: -8.392855, y: -7.78584, z: -5.2643723}
  m_LocalScale: {x: 1, y: 1, z: 1}
  m_Children: []
  m_Father: {fileID: 0}
  m_RootOrder: 4
  m_LocalEulerAnglesHint: {x: 0, y: 0, z: 0}
--- !u!1001 &1071046261
Prefab:
  m_ObjectHideFlags: 0
  serializedVersion: 2
  m_Modification:
    m_TransformParent: {fileID: 1144728619}
    m_Modifications:
    - target: {fileID: 4729651963930822, guid: 6d1570c91eaa4ec42abdf9b094a5742c, type: 2}
      propertyPath: m_LocalPosition.x
      value: -1.4770644
      objectReference: {fileID: 0}
    - target: {fileID: 4729651963930822, guid: 6d1570c91eaa4ec42abdf9b094a5742c, type: 2}
      propertyPath: m_LocalPosition.y
      value: 12.339247
      objectReference: {fileID: 0}
    - target: {fileID: 4729651963930822, guid: 6d1570c91eaa4ec42abdf9b094a5742c, type: 2}
      propertyPath: m_LocalPosition.z
      value: -10.064951
      objectReference: {fileID: 0}
    - target: {fileID: 4729651963930822, guid: 6d1570c91eaa4ec42abdf9b094a5742c, type: 2}
      propertyPath: m_LocalRotation.x
      value: 0
      objectReference: {fileID: 0}
    - target: {fileID: 4729651963930822, guid: 6d1570c91eaa4ec42abdf9b094a5742c, type: 2}
      propertyPath: m_LocalRotation.y
      value: 0
      objectReference: {fileID: 0}
    - target: {fileID: 4729651963930822, guid: 6d1570c91eaa4ec42abdf9b094a5742c, type: 2}
      propertyPath: m_LocalRotation.z
      value: 0
      objectReference: {fileID: 0}
    - target: {fileID: 4729651963930822, guid: 6d1570c91eaa4ec42abdf9b094a5742c, type: 2}
      propertyPath: m_LocalRotation.w
      value: 1
      objectReference: {fileID: 0}
    - target: {fileID: 4729651963930822, guid: 6d1570c91eaa4ec42abdf9b094a5742c, type: 2}
      propertyPath: m_RootOrder
      value: 5
      objectReference: {fileID: 0}
    - target: {fileID: 114773899374630958, guid: 6d1570c91eaa4ec42abdf9b094a5742c,
        type: 2}
      propertyPath: playerTransform
      value: 
      objectReference: {fileID: 1949779463}
    - target: {fileID: 114075119730745538, guid: 6d1570c91eaa4ec42abdf9b094a5742c,
        type: 2}
      propertyPath: playerTransform
      value: 
      objectReference: {fileID: 1949779463}
    - target: {fileID: 114265434801127324, guid: 6d1570c91eaa4ec42abdf9b094a5742c,
        type: 2}
      propertyPath: playerTransform
      value: 
      objectReference: {fileID: 1949779463}
    - target: {fileID: 114773899374630958, guid: 6d1570c91eaa4ec42abdf9b094a5742c,
        type: 2}
      propertyPath: playerSet
      value: 
      objectReference: {fileID: 11400000, guid: cf6c1b74138705d4786f21de4f1cdb34,
        type: 2}
    - target: {fileID: 114119838010470138, guid: 6d1570c91eaa4ec42abdf9b094a5742c,
        type: 2}
      propertyPath: Response.m_PersistentCalls.m_Calls.Array.data[2].m_Target
      value: 
      objectReference: {fileID: 1949779462}
    - target: {fileID: 114119838010470138, guid: 6d1570c91eaa4ec42abdf9b094a5742c,
        type: 2}
      propertyPath: Response.m_PersistentCalls.m_Calls.Array.data[2].m_MethodName
      value: StartDashing
      objectReference: {fileID: 0}
    - target: {fileID: 114119838010470138, guid: 6d1570c91eaa4ec42abdf9b094a5742c,
        type: 2}
      propertyPath: Response.m_PersistentCalls.m_Calls.Array.data[3].m_Target
      value: 
      objectReference: {fileID: 786555045}
    - target: {fileID: 114119838010470138, guid: 6d1570c91eaa4ec42abdf9b094a5742c,
        type: 2}
      propertyPath: Response.m_PersistentCalls.m_Calls.Array.data[3].m_MethodName
      value: StartDashing
      objectReference: {fileID: 0}
    - target: {fileID: 114610633774493274, guid: 6d1570c91eaa4ec42abdf9b094a5742c,
        type: 2}
      propertyPath: Response.m_PersistentCalls.m_Calls.Array.data[1].m_Target
      value: 
      objectReference: {fileID: 1949779462}
    - target: {fileID: 114610633774493274, guid: 6d1570c91eaa4ec42abdf9b094a5742c,
        type: 2}
      propertyPath: Response.m_PersistentCalls.m_Calls.Array.data[1].m_MethodName
      value: StopDashing
      objectReference: {fileID: 0}
    - target: {fileID: 114610633774493274, guid: 6d1570c91eaa4ec42abdf9b094a5742c,
        type: 2}
      propertyPath: Response.m_PersistentCalls.m_Calls.Array.data[2].m_Target
      value: 
      objectReference: {fileID: 786555045}
    - target: {fileID: 114610633774493274, guid: 6d1570c91eaa4ec42abdf9b094a5742c,
        type: 2}
      propertyPath: Response.m_PersistentCalls.m_Calls.Array.data[2].m_MethodName
      value: StopDashing
      objectReference: {fileID: 0}
    - target: {fileID: 114773899374630958, guid: 6d1570c91eaa4ec42abdf9b094a5742c,
        type: 2}
      propertyPath: dashNoiseRange.UseConstant
      value: 1
      objectReference: {fileID: 0}
    - target: {fileID: 114773899374630958, guid: 6d1570c91eaa4ec42abdf9b094a5742c,
        type: 2}
      propertyPath: dashNoiseRange.ConstantValue
      value: 2
      objectReference: {fileID: 0}
    m_RemovedComponents: []
  m_SourcePrefab: {fileID: 100100000, guid: 6d1570c91eaa4ec42abdf9b094a5742c, type: 2}
  m_IsPrefabAsset: 0
--- !u!114 &1071046262 stripped
MonoBehaviour:
  m_CorrespondingSourceObject: {fileID: 114265434801127324, guid: 6d1570c91eaa4ec42abdf9b094a5742c,
    type: 2}
  m_PrefabInternal: {fileID: 1071046261}
  m_Script: {fileID: 11500000, guid: 567988f2aa857b341bd0b001f4c42daa, type: 3}
--- !u!1 &1071046263 stripped
GameObject:
  m_CorrespondingSourceObject: {fileID: 1828841828225556, guid: 6d1570c91eaa4ec42abdf9b094a5742c,
    type: 2}
  m_PrefabInternal: {fileID: 1071046261}
--- !u!4 &1071046264 stripped
Transform:
  m_CorrespondingSourceObject: {fileID: 4729651963930822, guid: 6d1570c91eaa4ec42abdf9b094a5742c,
    type: 2}
  m_PrefabInternal: {fileID: 1071046261}
--- !u!1 &1144728618
GameObject:
  m_ObjectHideFlags: 0
  m_CorrespondingSourceObject: {fileID: 1450931870108824, guid: 56715499644ad2541a8c5f2bfe97f0b6,
    type: 2}
  m_PrefabInternal: {fileID: 0}
  serializedVersion: 6
  m_Component:
  - component: {fileID: 1144728619}
  m_Layer: 0
  m_Name: ShouldBeInEveryLevel
  m_TagString: Untagged
  m_Icon: {fileID: 0}
  m_NavMeshLayer: 0
  m_StaticEditorFlags: 0
  m_IsActive: 1
--- !u!4 &1144728619
Transform:
  m_ObjectHideFlags: 0
  m_CorrespondingSourceObject: {fileID: 4942840134883824, guid: 56715499644ad2541a8c5f2bfe97f0b6,
    type: 2}
  m_PrefabInternal: {fileID: 0}
  m_GameObject: {fileID: 1144728618}
  m_LocalRotation: {x: -0, y: -0, z: -0, w: 1}
  m_LocalPosition: {x: 1194.7601, y: 782.751, z: -28.240282}
  m_LocalScale: {x: 1, y: 1, z: 1}
  m_Children:
  - {fileID: 786555046}
  - {fileID: 1982890106}
  - {fileID: 2003326429}
  - {fileID: 1940005897}
  - {fileID: 1382488609}
  - {fileID: 1071046264}
  - {fileID: 1531662923}
  - {fileID: 1778615724}
  - {fileID: 1544844351}
  - {fileID: 1611530838}
  - {fileID: 2027557441}
  - {fileID: 142414167}
  m_Father: {fileID: 0}
  m_RootOrder: 3
  m_LocalEulerAnglesHint: {x: 0, y: 0, z: 0}
--- !u!1 &1275050956
GameObject:
  m_ObjectHideFlags: 0
  m_CorrespondingSourceObject: {fileID: 0}
  m_PrefabInternal: {fileID: 0}
  serializedVersion: 6
  m_Component:
  - component: {fileID: 1275050957}
  m_Layer: 0
  m_Name: '----environment----'
  m_TagString: Untagged
  m_Icon: {fileID: 0}
  m_NavMeshLayer: 0
  m_StaticEditorFlags: 0
  m_IsActive: 1
--- !u!4 &1275050957
Transform:
  m_ObjectHideFlags: 0
  m_CorrespondingSourceObject: {fileID: 0}
  m_PrefabInternal: {fileID: 0}
  m_GameObject: {fileID: 1275050956}
  m_LocalRotation: {x: 0, y: 0, z: 0, w: 1}
  m_LocalPosition: {x: -8.392855, y: -7.78584, z: -5.2643723}
  m_LocalScale: {x: 1, y: 1, z: 1}
  m_Children: []
  m_Father: {fileID: 0}
  m_RootOrder: 6
  m_LocalEulerAnglesHint: {x: 0, y: 0, z: 0}
--- !u!1001 &1289465764
Prefab:
  m_ObjectHideFlags: 0
  serializedVersion: 2
  m_Modification:
    m_TransformParent: {fileID: 1778615724}
    m_Modifications:
    - target: {fileID: 224442777813997030, guid: a5425bf72a691ca419c5dbb57ca6b446,
        type: 2}
      propertyPath: m_LocalPosition.x
      value: 0
      objectReference: {fileID: 0}
    - target: {fileID: 224442777813997030, guid: a5425bf72a691ca419c5dbb57ca6b446,
        type: 2}
      propertyPath: m_LocalPosition.y
      value: 0
      objectReference: {fileID: 0}
    - target: {fileID: 224442777813997030, guid: a5425bf72a691ca419c5dbb57ca6b446,
        type: 2}
      propertyPath: m_LocalPosition.z
      value: 0
      objectReference: {fileID: 0}
    - target: {fileID: 224442777813997030, guid: a5425bf72a691ca419c5dbb57ca6b446,
        type: 2}
      propertyPath: m_LocalRotation.x
      value: -0
      objectReference: {fileID: 0}
    - target: {fileID: 224442777813997030, guid: a5425bf72a691ca419c5dbb57ca6b446,
        type: 2}
      propertyPath: m_LocalRotation.y
      value: -0
      objectReference: {fileID: 0}
    - target: {fileID: 224442777813997030, guid: a5425bf72a691ca419c5dbb57ca6b446,
        type: 2}
      propertyPath: m_LocalRotation.z
      value: -0
      objectReference: {fileID: 0}
    - target: {fileID: 224442777813997030, guid: a5425bf72a691ca419c5dbb57ca6b446,
        type: 2}
      propertyPath: m_LocalRotation.w
      value: 1
      objectReference: {fileID: 0}
    - target: {fileID: 224442777813997030, guid: a5425bf72a691ca419c5dbb57ca6b446,
        type: 2}
      propertyPath: m_RootOrder
      value: 2
      objectReference: {fileID: 0}
    - target: {fileID: 224442777813997030, guid: a5425bf72a691ca419c5dbb57ca6b446,
        type: 2}
      propertyPath: m_AnchoredPosition.x
      value: -1480
      objectReference: {fileID: 0}
    - target: {fileID: 224442777813997030, guid: a5425bf72a691ca419c5dbb57ca6b446,
        type: 2}
      propertyPath: m_AnchoredPosition.y
      value: -720
      objectReference: {fileID: 0}
    - target: {fileID: 224442777813997030, guid: a5425bf72a691ca419c5dbb57ca6b446,
        type: 2}
      propertyPath: m_SizeDelta.x
      value: 2960
      objectReference: {fileID: 0}
    - target: {fileID: 224442777813997030, guid: a5425bf72a691ca419c5dbb57ca6b446,
        type: 2}
      propertyPath: m_SizeDelta.y
      value: 1440
      objectReference: {fileID: 0}
    - target: {fileID: 224442777813997030, guid: a5425bf72a691ca419c5dbb57ca6b446,
        type: 2}
      propertyPath: m_AnchorMin.x
      value: 1
      objectReference: {fileID: 0}
    - target: {fileID: 224442777813997030, guid: a5425bf72a691ca419c5dbb57ca6b446,
        type: 2}
      propertyPath: m_AnchorMin.y
      value: 1
      objectReference: {fileID: 0}
    - target: {fileID: 224442777813997030, guid: a5425bf72a691ca419c5dbb57ca6b446,
        type: 2}
      propertyPath: m_AnchorMax.x
      value: 1
      objectReference: {fileID: 0}
    - target: {fileID: 224442777813997030, guid: a5425bf72a691ca419c5dbb57ca6b446,
        type: 2}
      propertyPath: m_AnchorMax.y
      value: 1
      objectReference: {fileID: 0}
    - target: {fileID: 224442777813997030, guid: a5425bf72a691ca419c5dbb57ca6b446,
        type: 2}
      propertyPath: m_Pivot.x
      value: 0.5
      objectReference: {fileID: 0}
    - target: {fileID: 224442777813997030, guid: a5425bf72a691ca419c5dbb57ca6b446,
        type: 2}
      propertyPath: m_Pivot.y
      value: 0.5
      objectReference: {fileID: 0}
    m_RemovedComponents: []
  m_SourcePrefab: {fileID: 100100000, guid: a5425bf72a691ca419c5dbb57ca6b446, type: 2}
  m_IsPrefabAsset: 0
--- !u!224 &1289465765 stripped
RectTransform:
  m_CorrespondingSourceObject: {fileID: 224442777813997030, guid: a5425bf72a691ca419c5dbb57ca6b446,
    type: 2}
  m_PrefabInternal: {fileID: 1289465764}
--- !u!1 &1332168224
GameObject:
  m_ObjectHideFlags: 0
  m_CorrespondingSourceObject: {fileID: 0}
  m_PrefabInternal: {fileID: 0}
  serializedVersion: 6
  m_Component:
  - component: {fileID: 1332168225}
  m_Layer: 0
  m_Name: Waypoint(Clone)
  m_TagString: Untagged
  m_Icon: {fileID: 5132851093641282708, guid: 0000000000000000d000000000000000, type: 0}
  m_NavMeshLayer: 0
  m_StaticEditorFlags: 0
  m_IsActive: 1
--- !u!4 &1332168225
Transform:
  m_ObjectHideFlags: 0
  m_CorrespondingSourceObject: {fileID: 0}
  m_PrefabInternal: {fileID: 0}
  m_GameObject: {fileID: 1332168224}
  m_LocalRotation: {x: -0, y: -0, z: -0, w: 1}
  m_LocalPosition: {x: -3.5, y: 0, z: 0}
  m_LocalScale: {x: 1, y: 1, z: 1}
  m_Children: []
  m_Father: {fileID: 631519520}
  m_RootOrder: 0
  m_LocalEulerAnglesHint: {x: 0, y: 0, z: 0}
--- !u!1001 &1382488608
Prefab:
  m_ObjectHideFlags: 0
  serializedVersion: 2
  m_Modification:
    m_TransformParent: {fileID: 1144728619}
    m_Modifications:
    - target: {fileID: 4457667962676740, guid: bbf07598a7ff60d4fb39bb3ab81344aa, type: 2}
      propertyPath: m_LocalPosition.x
      value: -1224.208
      objectReference: {fileID: 0}
    - target: {fileID: 4457667962676740, guid: bbf07598a7ff60d4fb39bb3ab81344aa, type: 2}
      propertyPath: m_LocalPosition.y
      value: -781.0439
      objectReference: {fileID: 0}
    - target: {fileID: 4457667962676740, guid: bbf07598a7ff60d4fb39bb3ab81344aa, type: 2}
      propertyPath: m_LocalPosition.z
      value: -1.9723568
      objectReference: {fileID: 0}
    - target: {fileID: 4457667962676740, guid: bbf07598a7ff60d4fb39bb3ab81344aa, type: 2}
      propertyPath: m_LocalRotation.x
      value: -0
      objectReference: {fileID: 0}
    - target: {fileID: 4457667962676740, guid: bbf07598a7ff60d4fb39bb3ab81344aa, type: 2}
      propertyPath: m_LocalRotation.y
      value: -0
      objectReference: {fileID: 0}
    - target: {fileID: 4457667962676740, guid: bbf07598a7ff60d4fb39bb3ab81344aa, type: 2}
      propertyPath: m_LocalRotation.z
      value: -0
      objectReference: {fileID: 0}
    - target: {fileID: 4457667962676740, guid: bbf07598a7ff60d4fb39bb3ab81344aa, type: 2}
      propertyPath: m_LocalRotation.w
      value: 1
      objectReference: {fileID: 0}
    - target: {fileID: 4457667962676740, guid: bbf07598a7ff60d4fb39bb3ab81344aa, type: 2}
      propertyPath: m_RootOrder
      value: 4
      objectReference: {fileID: 0}
    - target: {fileID: 114123477814745180, guid: bbf07598a7ff60d4fb39bb3ab81344aa,
        type: 2}
      propertyPath: mainCamera
      value: 
      objectReference: {fileID: 1544844355}
    - target: {fileID: 114840939592995818, guid: bbf07598a7ff60d4fb39bb3ab81344aa,
        type: 2}
      propertyPath: dashController
      value: 
      objectReference: {fileID: 1071046262}
    m_RemovedComponents: []
  m_SourcePrefab: {fileID: 100100000, guid: bbf07598a7ff60d4fb39bb3ab81344aa, type: 2}
  m_IsPrefabAsset: 0
--- !u!4 &1382488609 stripped
Transform:
  m_CorrespondingSourceObject: {fileID: 4457667962676740, guid: bbf07598a7ff60d4fb39bb3ab81344aa,
    type: 2}
  m_PrefabInternal: {fileID: 1382488608}
--- !u!1001 &1527667750
Prefab:
  m_ObjectHideFlags: 0
  serializedVersion: 2
  m_Modification:
    m_TransformParent: {fileID: 0}
    m_Modifications:
    - target: {fileID: 114075937709120840, guid: 6da944a0473be35428f75cda33c95eb0,
        type: 2}
      propertyPath: patrolPoints.Array.size
      value: 0
      objectReference: {fileID: 0}
    - target: {fileID: 4072199353881340, guid: 6da944a0473be35428f75cda33c95eb0, type: 2}
      propertyPath: m_LocalPosition.x
      value: 0
      objectReference: {fileID: 0}
    - target: {fileID: 4072199353881340, guid: 6da944a0473be35428f75cda33c95eb0, type: 2}
      propertyPath: m_LocalPosition.y
      value: 0
      objectReference: {fileID: 0}
    - target: {fileID: 4072199353881340, guid: 6da944a0473be35428f75cda33c95eb0, type: 2}
      propertyPath: m_LocalPosition.z
      value: 0
      objectReference: {fileID: 0}
    - target: {fileID: 4072199353881340, guid: 6da944a0473be35428f75cda33c95eb0, type: 2}
      propertyPath: m_LocalRotation.x
      value: 0
      objectReference: {fileID: 0}
    - target: {fileID: 4072199353881340, guid: 6da944a0473be35428f75cda33c95eb0, type: 2}
      propertyPath: m_LocalRotation.y
      value: 0
      objectReference: {fileID: 0}
    - target: {fileID: 4072199353881340, guid: 6da944a0473be35428f75cda33c95eb0, type: 2}
      propertyPath: m_LocalRotation.z
      value: 0
      objectReference: {fileID: 0}
    - target: {fileID: 4072199353881340, guid: 6da944a0473be35428f75cda33c95eb0, type: 2}
      propertyPath: m_LocalRotation.w
      value: 1
      objectReference: {fileID: 0}
    - target: {fileID: 4072199353881340, guid: 6da944a0473be35428f75cda33c95eb0, type: 2}
      propertyPath: m_RootOrder
      value: 9
      objectReference: {fileID: 0}
    - target: {fileID: 114075937709120840, guid: 6da944a0473be35428f75cda33c95eb0,
        type: 2}
      propertyPath: patrolPoints.Array.data[0]
      value: 
      objectReference: {fileID: 1332168225}
    - target: {fileID: 114075937709120840, guid: 6da944a0473be35428f75cda33c95eb0,
        type: 2}
      propertyPath: patrolPoints.Array.data[1]
      value: 
      objectReference: {fileID: 619277751}
    m_RemovedComponents: []
  m_SourcePrefab: {fileID: 100100000, guid: 6da944a0473be35428f75cda33c95eb0, type: 2}
  m_IsPrefabAsset: 0
--- !u!1001 &1531662922
Prefab:
  m_ObjectHideFlags: 0
  serializedVersion: 2
  m_Modification:
    m_TransformParent: {fileID: 1144728619}
    m_Modifications:
    - target: {fileID: 4971461418054350, guid: c67c24e99c18d1940a4ed31b5b96c647, type: 2}
      propertyPath: m_LocalPosition.x
      value: -1186.8811
      objectReference: {fileID: 0}
    - target: {fileID: 4971461418054350, guid: c67c24e99c18d1940a4ed31b5b96c647, type: 2}
      propertyPath: m_LocalPosition.y
      value: -782.2
      objectReference: {fileID: 0}
    - target: {fileID: 4971461418054350, guid: c67c24e99c18d1940a4ed31b5b96c647, type: 2}
      propertyPath: m_LocalPosition.z
      value: 26.193354
      objectReference: {fileID: 0}
    - target: {fileID: 4971461418054350, guid: c67c24e99c18d1940a4ed31b5b96c647, type: 2}
      propertyPath: m_LocalRotation.x
      value: -0
      objectReference: {fileID: 0}
    - target: {fileID: 4971461418054350, guid: c67c24e99c18d1940a4ed31b5b96c647, type: 2}
      propertyPath: m_LocalRotation.y
      value: -0
      objectReference: {fileID: 0}
    - target: {fileID: 4971461418054350, guid: c67c24e99c18d1940a4ed31b5b96c647, type: 2}
      propertyPath: m_LocalRotation.z
      value: -0
      objectReference: {fileID: 0}
    - target: {fileID: 4971461418054350, guid: c67c24e99c18d1940a4ed31b5b96c647, type: 2}
      propertyPath: m_LocalRotation.w
      value: 1
      objectReference: {fileID: 0}
    - target: {fileID: 4971461418054350, guid: c67c24e99c18d1940a4ed31b5b96c647, type: 2}
      propertyPath: m_RootOrder
      value: 6
      objectReference: {fileID: 0}
    - target: {fileID: 114767899387447456, guid: c67c24e99c18d1940a4ed31b5b96c647,
        type: 2}
      propertyPath: m_Enabled
      value: 1
      objectReference: {fileID: 0}
    - target: {fileID: 114227555607573868, guid: c67c24e99c18d1940a4ed31b5b96c647,
        type: 2}
      propertyPath: m_Enabled
      value: 1
      objectReference: {fileID: 0}
    - target: {fileID: 114767899387447456, guid: c67c24e99c18d1940a4ed31b5b96c647,
        type: 2}
      propertyPath: scene
      value: 
      objectReference: {fileID: 11400000, guid: 5daff65bf04344144b826478a2996adf,
        type: 2}
    m_RemovedComponents: []
  m_SourcePrefab: {fileID: 100100000, guid: c67c24e99c18d1940a4ed31b5b96c647, type: 2}
  m_IsPrefabAsset: 0
--- !u!4 &1531662923 stripped
Transform:
  m_CorrespondingSourceObject: {fileID: 4971461418054350, guid: c67c24e99c18d1940a4ed31b5b96c647,
    type: 2}
  m_PrefabInternal: {fileID: 1531662922}
--- !u!1 &1544844350
GameObject:
  m_ObjectHideFlags: 0
  m_CorrespondingSourceObject: {fileID: 0}
  m_PrefabInternal: {fileID: 0}
  serializedVersion: 6
  m_Component:
  - component: {fileID: 1544844351}
  - component: {fileID: 1544844355}
  - component: {fileID: 1544844354}
  - component: {fileID: 1544844353}
  - component: {fileID: 1544844352}
  m_Layer: 0
  m_Name: Main Camera
  m_TagString: MainCamera
  m_Icon: {fileID: 0}
  m_NavMeshLayer: 0
  m_StaticEditorFlags: 0
  m_IsActive: 1
--- !u!4 &1544844351
Transform:
  m_ObjectHideFlags: 0
  m_CorrespondingSourceObject: {fileID: 0}
  m_PrefabInternal: {fileID: 0}
  m_GameObject: {fileID: 1544844350}
  m_LocalRotation: {x: 0.42660013, y: 0.33944437, z: -0.17670354, w: 0.8194912}
  m_LocalPosition: {x: -1211.4552, y: -764.9177, z: 17.123821}
  m_LocalScale: {x: 1, y: 1, z: 1}
  m_Children: []
  m_Father: {fileID: 1144728619}
  m_RootOrder: 8
  m_LocalEulerAnglesHint: {x: 45.000004, y: 45, z: 0}
--- !u!114 &1544844352
MonoBehaviour:
  m_ObjectHideFlags: 0
  m_CorrespondingSourceObject: {fileID: 0}
  m_PrefabInternal: {fileID: 0}
  m_GameObject: {fileID: 1544844350}
  m_Enabled: 1
  m_EditorHideFlags: 0
  m_Script: {fileID: 11500000, guid: c08719f3a494f4b1fb24254bf0e25a22, type: 3}
  m_Name: 
  m_EditorClassIdentifier: 
  m_listeners:
    initialListenerList: []
    useDefaultListeners: 1
  isEnvironmentAware: 0
  isStaticObject: 0
  m_positionOffsetData:
    KeepMe: 0
    positionOffset: {x: 0, y: 0, z: 0}
  m_posOffsetData: {fileID: 0}
  listenerMask: 1
--- !u!114 &1544844353
MonoBehaviour:
  m_ObjectHideFlags: 0
  m_CorrespondingSourceObject: {fileID: 0}
  m_PrefabInternal: {fileID: 0}
  m_GameObject: {fileID: 1544844350}
  m_Enabled: 1
  m_EditorHideFlags: 0
  m_Script: {fileID: 11500000, guid: 4d162e1d342404b9ca343797a1ab7649, type: 3}
  m_Name: 
  m_EditorClassIdentifier: 
  isDefaultListener: 1
  listenerId: 0
--- !u!114 &1544844354
MonoBehaviour:
  m_ObjectHideFlags: 0
  m_CorrespondingSourceObject: {fileID: 0}
  m_PrefabInternal: {fileID: 0}
  m_GameObject: {fileID: 1544844350}
  m_Enabled: 1
  m_EditorHideFlags: 0
  m_Script: {fileID: 11500000, guid: ea5e09167de65ee43952cf13486fafad, type: 3}
  m_Name: 
  m_EditorClassIdentifier: 
  player: {fileID: 1949779466}
--- !u!20 &1544844355
Camera:
  m_ObjectHideFlags: 0
  m_CorrespondingSourceObject: {fileID: 0}
  m_PrefabInternal: {fileID: 0}
  m_GameObject: {fileID: 1544844350}
  m_Enabled: 1
  serializedVersion: 2
  m_ClearFlags: 1
  m_BackGroundColor: {r: 0, g: 0, b: 0, a: 0}
  m_projectionMatrixMode: 1
  m_SensorSize: {x: 36, y: 24}
  m_LensShift: {x: 0, y: 0}
  m_FocalLength: 50
  m_NormalizedViewPortRect:
    serializedVersion: 2
    x: 0
    y: 0
    width: 1
    height: 1
  near clip plane: 0.3
  far clip plane: 1000
  field of view: 30
  orthographic: 0
  orthographic size: 3
  m_Depth: -1
  m_CullingMask:
    serializedVersion: 2
    m_Bits: 4294967295
  m_RenderingPath: -1
  m_TargetTexture: {fileID: 0}
  m_TargetDisplay: 0
  m_TargetEye: 3
  m_HDR: 0
  m_AllowMSAA: 1
  m_AllowDynamicResolution: 0
  m_ForceIntoRT: 0
  m_OcclusionCulling: 1
  m_StereoConvergence: 10
  m_StereoSeparation: 0.022
--- !u!1001 &1611530837
Prefab:
  m_ObjectHideFlags: 0
  serializedVersion: 2
  m_Modification:
    m_TransformParent: {fileID: 1144728619}
    m_Modifications:
    - target: {fileID: 4836835945146742, guid: c32e4f2fb3dea434bb2fd1a31f96432a, type: 2}
      propertyPath: m_LocalPosition.x
      value: -1194.7601
      objectReference: {fileID: 0}
    - target: {fileID: 4836835945146742, guid: c32e4f2fb3dea434bb2fd1a31f96432a, type: 2}
      propertyPath: m_LocalPosition.y
      value: -782.751
      objectReference: {fileID: 0}
    - target: {fileID: 4836835945146742, guid: c32e4f2fb3dea434bb2fd1a31f96432a, type: 2}
      propertyPath: m_LocalPosition.z
      value: 28.240282
      objectReference: {fileID: 0}
    - target: {fileID: 4836835945146742, guid: c32e4f2fb3dea434bb2fd1a31f96432a, type: 2}
      propertyPath: m_LocalRotation.x
      value: -0
      objectReference: {fileID: 0}
    - target: {fileID: 4836835945146742, guid: c32e4f2fb3dea434bb2fd1a31f96432a, type: 2}
      propertyPath: m_LocalRotation.y
      value: -0
      objectReference: {fileID: 0}
    - target: {fileID: 4836835945146742, guid: c32e4f2fb3dea434bb2fd1a31f96432a, type: 2}
      propertyPath: m_LocalRotation.z
      value: -0
      objectReference: {fileID: 0}
    - target: {fileID: 4836835945146742, guid: c32e4f2fb3dea434bb2fd1a31f96432a, type: 2}
      propertyPath: m_LocalRotation.w
      value: 1
      objectReference: {fileID: 0}
    - target: {fileID: 4836835945146742, guid: c32e4f2fb3dea434bb2fd1a31f96432a, type: 2}
      propertyPath: m_RootOrder
      value: 9
      objectReference: {fileID: 0}
    m_RemovedComponents: []
  m_SourcePrefab: {fileID: 100100000, guid: c32e4f2fb3dea434bb2fd1a31f96432a, type: 2}
  m_IsPrefabAsset: 0
--- !u!4 &1611530838 stripped
Transform:
  m_CorrespondingSourceObject: {fileID: 4836835945146742, guid: c32e4f2fb3dea434bb2fd1a31f96432a,
    type: 2}
  m_PrefabInternal: {fileID: 1611530837}
--- !u!1001 &1690041453
Prefab:
  m_ObjectHideFlags: 0
  serializedVersion: 2
  m_Modification:
    m_TransformParent: {fileID: 1778615724}
    m_Modifications:
    - target: {fileID: 224413865486919872, guid: 67990f3847d326343aedcf63124f0792,
        type: 2}
      propertyPath: m_LocalPosition.x
      value: 0
      objectReference: {fileID: 0}
    - target: {fileID: 224413865486919872, guid: 67990f3847d326343aedcf63124f0792,
        type: 2}
      propertyPath: m_LocalPosition.y
      value: 0
      objectReference: {fileID: 0}
    - target: {fileID: 224413865486919872, guid: 67990f3847d326343aedcf63124f0792,
        type: 2}
      propertyPath: m_LocalPosition.z
      value: 0
      objectReference: {fileID: 0}
    - target: {fileID: 224413865486919872, guid: 67990f3847d326343aedcf63124f0792,
        type: 2}
      propertyPath: m_LocalRotation.x
      value: 0
      objectReference: {fileID: 0}
    - target: {fileID: 224413865486919872, guid: 67990f3847d326343aedcf63124f0792,
        type: 2}
      propertyPath: m_LocalRotation.y
      value: 0
      objectReference: {fileID: 0}
    - target: {fileID: 224413865486919872, guid: 67990f3847d326343aedcf63124f0792,
        type: 2}
      propertyPath: m_LocalRotation.z
      value: 0
      objectReference: {fileID: 0}
    - target: {fileID: 224413865486919872, guid: 67990f3847d326343aedcf63124f0792,
        type: 2}
      propertyPath: m_LocalRotation.w
      value: 1
      objectReference: {fileID: 0}
    - target: {fileID: 224413865486919872, guid: 67990f3847d326343aedcf63124f0792,
        type: 2}
      propertyPath: m_RootOrder
      value: 1
      objectReference: {fileID: 0}
    - target: {fileID: 224413865486919872, guid: 67990f3847d326343aedcf63124f0792,
        type: 2}
      propertyPath: m_AnchoredPosition.x
      value: -275
      objectReference: {fileID: 0}
    - target: {fileID: 224413865486919872, guid: 67990f3847d326343aedcf63124f0792,
        type: 2}
      propertyPath: m_AnchoredPosition.y
      value: 275
      objectReference: {fileID: 0}
    - target: {fileID: 224413865486919872, guid: 67990f3847d326343aedcf63124f0792,
        type: 2}
      propertyPath: m_SizeDelta.x
      value: 500
      objectReference: {fileID: 0}
    - target: {fileID: 224413865486919872, guid: 67990f3847d326343aedcf63124f0792,
        type: 2}
      propertyPath: m_SizeDelta.y
      value: 500
      objectReference: {fileID: 0}
    - target: {fileID: 224413865486919872, guid: 67990f3847d326343aedcf63124f0792,
        type: 2}
      propertyPath: m_AnchorMin.x
      value: 1
      objectReference: {fileID: 0}
    - target: {fileID: 224413865486919872, guid: 67990f3847d326343aedcf63124f0792,
        type: 2}
      propertyPath: m_AnchorMin.y
      value: 0
      objectReference: {fileID: 0}
    - target: {fileID: 224413865486919872, guid: 67990f3847d326343aedcf63124f0792,
        type: 2}
      propertyPath: m_AnchorMax.x
      value: 1
      objectReference: {fileID: 0}
    - target: {fileID: 224413865486919872, guid: 67990f3847d326343aedcf63124f0792,
        type: 2}
      propertyPath: m_AnchorMax.y
      value: 0
      objectReference: {fileID: 0}
    - target: {fileID: 224413865486919872, guid: 67990f3847d326343aedcf63124f0792,
        type: 2}
      propertyPath: m_Pivot.x
      value: 0.5
      objectReference: {fileID: 0}
    - target: {fileID: 224413865486919872, guid: 67990f3847d326343aedcf63124f0792,
        type: 2}
      propertyPath: m_Pivot.y
      value: 0.5
      objectReference: {fileID: 0}
    - target: {fileID: 114248399744428298, guid: 67990f3847d326343aedcf63124f0792,
        type: 2}
      propertyPath: dashAimingSystem
      value: 
      objectReference: {fileID: 786555045}
    - target: {fileID: 114248399744428298, guid: 67990f3847d326343aedcf63124f0792,
        type: 2}
      propertyPath: killTimer
      value: 
      objectReference: {fileID: 743242972}
    m_RemovedComponents: []
  m_SourcePrefab: {fileID: 100100000, guid: 67990f3847d326343aedcf63124f0792, type: 2}
  m_IsPrefabAsset: 0
--- !u!224 &1690041454 stripped
RectTransform:
  m_CorrespondingSourceObject: {fileID: 224413865486919872, guid: 67990f3847d326343aedcf63124f0792,
    type: 2}
  m_PrefabInternal: {fileID: 1690041453}
--- !u!1 &1778615723
GameObject:
  m_ObjectHideFlags: 0
  m_CorrespondingSourceObject: {fileID: 1923184101460330, guid: b59053556ff67ff4096d0a5c8b8537ac,
    type: 2}
  m_PrefabInternal: {fileID: 0}
  serializedVersion: 6
  m_Component:
  - component: {fileID: 1778615724}
  - component: {fileID: 1778615727}
  - component: {fileID: 1778615726}
  - component: {fileID: 1778615725}
  m_Layer: 5
  m_Name: LevelUI
  m_TagString: Untagged
  m_Icon: {fileID: 0}
  m_NavMeshLayer: 0
  m_StaticEditorFlags: 0
  m_IsActive: 1
--- !u!224 &1778615724
RectTransform:
  m_ObjectHideFlags: 0
  m_CorrespondingSourceObject: {fileID: 224314441605071468, guid: b59053556ff67ff4096d0a5c8b8537ac,
    type: 2}
  m_PrefabInternal: {fileID: 0}
  m_GameObject: {fileID: 1778615723}
  m_LocalRotation: {x: 0, y: 0, z: 0, w: 1}
  m_LocalPosition: {x: 0, y: 0, z: 0}
  m_LocalScale: {x: 0, y: 0, z: 0}
  m_Children:
  - {fileID: 352463234}
  - {fileID: 1690041454}
  - {fileID: 1289465765}
  - {fileID: 743242971}
  m_Father: {fileID: 1144728619}
  m_RootOrder: 7
  m_LocalEulerAnglesHint: {x: 0, y: 0, z: 0}
  m_AnchorMin: {x: 0, y: 0}
  m_AnchorMax: {x: 0, y: 0}
  m_AnchoredPosition: {x: 0, y: 0}
  m_SizeDelta: {x: 0, y: 0}
  m_Pivot: {x: 0, y: 0}
--- !u!114 &1778615725
MonoBehaviour:
  m_ObjectHideFlags: 0
  m_CorrespondingSourceObject: {fileID: 114020096035862548, guid: b59053556ff67ff4096d0a5c8b8537ac,
    type: 2}
  m_PrefabInternal: {fileID: 0}
  m_GameObject: {fileID: 1778615723}
  m_Enabled: 1
  m_EditorHideFlags: 0
  m_Script: {fileID: 1301386320, guid: f70555f144d8491a825f0804e09c671c, type: 3}
  m_Name: 
  m_EditorClassIdentifier: 
  m_IgnoreReversedGraphics: 1
  m_BlockingObjects: 0
  m_BlockingMask:
    serializedVersion: 2
    m_Bits: 4294967295
--- !u!114 &1778615726
MonoBehaviour:
  m_ObjectHideFlags: 0
  m_CorrespondingSourceObject: {fileID: 114197795820897424, guid: b59053556ff67ff4096d0a5c8b8537ac,
    type: 2}
  m_PrefabInternal: {fileID: 0}
  m_GameObject: {fileID: 1778615723}
  m_Enabled: 1
  m_EditorHideFlags: 0
  m_Script: {fileID: 1980459831, guid: f70555f144d8491a825f0804e09c671c, type: 3}
  m_Name: 
  m_EditorClassIdentifier: 
  m_UiScaleMode: 1
  m_ReferencePixelsPerUnit: 100
  m_ScaleFactor: 1
  m_ReferenceResolution: {x: 2960, y: 1440}
  m_ScreenMatchMode: 0
  m_MatchWidthOrHeight: 0.5
  m_PhysicalUnit: 3
  m_FallbackScreenDPI: 96
  m_DefaultSpriteDPI: 96
  m_DynamicPixelsPerUnit: 1
--- !u!223 &1778615727
Canvas:
  m_ObjectHideFlags: 0
  m_CorrespondingSourceObject: {fileID: 223330011692418172, guid: b59053556ff67ff4096d0a5c8b8537ac,
    type: 2}
  m_PrefabInternal: {fileID: 0}
  m_GameObject: {fileID: 1778615723}
  m_Enabled: 1
  serializedVersion: 3
  m_RenderMode: 0
  m_Camera: {fileID: 0}
  m_PlaneDistance: 100
  m_PixelPerfect: 0
  m_ReceivesEvents: 1
  m_OverrideSorting: 0
  m_OverridePixelPerfect: 0
  m_SortingBucketNormalizedSize: 0
  m_AdditionalShaderChannelsFlag: 0
  m_SortingLayerID: 0
  m_SortingOrder: 0
  m_TargetDisplay: 0
--- !u!1001 &1940005896
Prefab:
  m_ObjectHideFlags: 0
  serializedVersion: 2
  m_Modification:
    m_TransformParent: {fileID: 1144728619}
    m_Modifications:
    - target: {fileID: 4022763694646420, guid: 2aea305894aeea8479651f4b56b61703, type: 2}
      propertyPath: m_LocalPosition.x
      value: -1194.7601
      objectReference: {fileID: 0}
    - target: {fileID: 4022763694646420, guid: 2aea305894aeea8479651f4b56b61703, type: 2}
      propertyPath: m_LocalPosition.y
      value: -782.751
      objectReference: {fileID: 0}
    - target: {fileID: 4022763694646420, guid: 2aea305894aeea8479651f4b56b61703, type: 2}
      propertyPath: m_LocalPosition.z
      value: 28.240282
      objectReference: {fileID: 0}
    - target: {fileID: 4022763694646420, guid: 2aea305894aeea8479651f4b56b61703, type: 2}
      propertyPath: m_LocalRotation.x
      value: -0
      objectReference: {fileID: 0}
    - target: {fileID: 4022763694646420, guid: 2aea305894aeea8479651f4b56b61703, type: 2}
      propertyPath: m_LocalRotation.y
      value: -0
      objectReference: {fileID: 0}
    - target: {fileID: 4022763694646420, guid: 2aea305894aeea8479651f4b56b61703, type: 2}
      propertyPath: m_LocalRotation.z
      value: -0
      objectReference: {fileID: 0}
    - target: {fileID: 4022763694646420, guid: 2aea305894aeea8479651f4b56b61703, type: 2}
      propertyPath: m_LocalRotation.w
      value: 1
      objectReference: {fileID: 0}
    - target: {fileID: 4022763694646420, guid: 2aea305894aeea8479651f4b56b61703, type: 2}
      propertyPath: m_RootOrder
      value: 3
      objectReference: {fileID: 0}
    m_RemovedComponents: []
  m_SourcePrefab: {fileID: 100100000, guid: 2aea305894aeea8479651f4b56b61703, type: 2}
  m_IsPrefabAsset: 0
--- !u!4 &1940005897 stripped
Transform:
  m_CorrespondingSourceObject: {fileID: 4022763694646420, guid: 2aea305894aeea8479651f4b56b61703,
    type: 2}
  m_PrefabInternal: {fileID: 1940005896}
--- !u!1001 &1949779461
Prefab:
  m_ObjectHideFlags: 0
  serializedVersion: 2
  m_Modification:
    m_TransformParent: {fileID: 0}
    m_Modifications:
    - target: {fileID: 4090548657457394, guid: 81ccd202ced6f8b4db7bd62af84d4678, type: 2}
      propertyPath: m_LocalPosition.x
      value: -6.56
      objectReference: {fileID: 0}
    - target: {fileID: 4090548657457394, guid: 81ccd202ced6f8b4db7bd62af84d4678, type: 2}
      propertyPath: m_LocalPosition.y
      value: 0
      objectReference: {fileID: 0}
    - target: {fileID: 4090548657457394, guid: 81ccd202ced6f8b4db7bd62af84d4678, type: 2}
      propertyPath: m_LocalPosition.z
      value: -1.94
      objectReference: {fileID: 0}
    - target: {fileID: 4090548657457394, guid: 81ccd202ced6f8b4db7bd62af84d4678, type: 2}
      propertyPath: m_LocalRotation.x
      value: -0
      objectReference: {fileID: 0}
    - target: {fileID: 4090548657457394, guid: 81ccd202ced6f8b4db7bd62af84d4678, type: 2}
      propertyPath: m_LocalRotation.y
      value: -0
      objectReference: {fileID: 0}
    - target: {fileID: 4090548657457394, guid: 81ccd202ced6f8b4db7bd62af84d4678, type: 2}
      propertyPath: m_LocalRotation.z
      value: -0
      objectReference: {fileID: 0}
    - target: {fileID: 4090548657457394, guid: 81ccd202ced6f8b4db7bd62af84d4678, type: 2}
      propertyPath: m_LocalRotation.w
      value: 1
      objectReference: {fileID: 0}
    - target: {fileID: 4090548657457394, guid: 81ccd202ced6f8b4db7bd62af84d4678, type: 2}
      propertyPath: m_RootOrder
      value: 1
      objectReference: {fileID: 0}
    - target: {fileID: 1110238538333962, guid: 81ccd202ced6f8b4db7bd62af84d4678, type: 2}
      propertyPath: m_IsActive
      value: 1
      objectReference: {fileID: 0}
    - target: {fileID: 1912599880152686, guid: 81ccd202ced6f8b4db7bd62af84d4678, type: 2}
      propertyPath: m_IsActive
      value: 1
      objectReference: {fileID: 0}
    - target: {fileID: 120493799608019982, guid: 81ccd202ced6f8b4db7bd62af84d4678,
        type: 2}
      propertyPath: m_Enabled
      value: 1
      objectReference: {fileID: 0}
    - target: {fileID: 1900500102908726, guid: 81ccd202ced6f8b4db7bd62af84d4678, type: 2}
      propertyPath: m_IsActive
      value: 0
      objectReference: {fileID: 0}
    - target: {fileID: 198124718108468222, guid: 81ccd202ced6f8b4db7bd62af84d4678,
        type: 2}
      propertyPath: InitialModule.startLifetime.scalar
      value: 2
      objectReference: {fileID: 0}
    - target: {fileID: 198464385620560204, guid: 81ccd202ced6f8b4db7bd62af84d4678,
        type: 2}
      propertyPath: InitialModule.startLifetime.scalar
      value: 2
      objectReference: {fileID: 0}
    - target: {fileID: 198124718108468222, guid: 81ccd202ced6f8b4db7bd62af84d4678,
        type: 2}
      propertyPath: InitialModule.gravityModifier.scalar
      value: 0.05
      objectReference: {fileID: 0}
    - target: {fileID: 198464385620560204, guid: 81ccd202ced6f8b4db7bd62af84d4678,
        type: 2}
      propertyPath: InitialModule.gravityModifier.scalar
      value: 0.05
      objectReference: {fileID: 0}
    - target: {fileID: 198666179126822150, guid: 81ccd202ced6f8b4db7bd62af84d4678,
        type: 2}
      propertyPath: InitialModule.gravityModifier.scalar
      value: 0.05
      objectReference: {fileID: 0}
    - target: {fileID: 198666179126822150, guid: 81ccd202ced6f8b4db7bd62af84d4678,
        type: 2}
      propertyPath: InitialModule.startLifetime.scalar
      value: 2
      objectReference: {fileID: 0}
    m_RemovedComponents: []
  m_SourcePrefab: {fileID: 100100000, guid: 81ccd202ced6f8b4db7bd62af84d4678, type: 2}
  m_IsPrefabAsset: 0
--- !u!114 &1949779462 stripped
MonoBehaviour:
  m_CorrespondingSourceObject: {fileID: 114367803699343712, guid: 81ccd202ced6f8b4db7bd62af84d4678,
    type: 2}
  m_PrefabInternal: {fileID: 1949779461}
  m_Script: {fileID: 11500000, guid: cafacc586d3ab144d9f6526814c12718, type: 3}
--- !u!4 &1949779463 stripped
Transform:
  m_CorrespondingSourceObject: {fileID: 4090548657457394, guid: 81ccd202ced6f8b4db7bd62af84d4678,
    type: 2}
  m_PrefabInternal: {fileID: 1949779461}
--- !u!4 &1949779464 stripped
Transform:
  m_CorrespondingSourceObject: {fileID: 4392424350885494, guid: 81ccd202ced6f8b4db7bd62af84d4678,
    type: 2}
  m_PrefabInternal: {fileID: 1949779461}
--- !u!1 &1949779465 stripped
GameObject:
  m_CorrespondingSourceObject: {fileID: 1900500102908726, guid: 81ccd202ced6f8b4db7bd62af84d4678,
    type: 2}
  m_PrefabInternal: {fileID: 1949779461}
--- !u!1 &1949779466 stripped
GameObject:
  m_CorrespondingSourceObject: {fileID: 1110238538333962, guid: 81ccd202ced6f8b4db7bd62af84d4678,
    type: 2}
  m_PrefabInternal: {fileID: 1949779461}
--- !u!1 &1949779467 stripped
GameObject:
  m_CorrespondingSourceObject: {fileID: 1444310735757448, guid: 81ccd202ced6f8b4db7bd62af84d4678,
    type: 2}
  m_PrefabInternal: {fileID: 1949779461}
--- !u!1001 &1982890105
Prefab:
  m_ObjectHideFlags: 0
  serializedVersion: 2
  m_Modification:
    m_TransformParent: {fileID: 1144728619}
    m_Modifications:
    - target: {fileID: 4003734436694116, guid: 420a6739006fcbb47861362b3ba13ada, type: 2}
      propertyPath: m_LocalPosition.x
      value: 0
      objectReference: {fileID: 0}
    - target: {fileID: 4003734436694116, guid: 420a6739006fcbb47861362b3ba13ada, type: 2}
      propertyPath: m_LocalPosition.y
      value: 0
      objectReference: {fileID: 0}
    - target: {fileID: 4003734436694116, guid: 420a6739006fcbb47861362b3ba13ada, type: 2}
      propertyPath: m_LocalPosition.z
      value: 0
      objectReference: {fileID: 0}
    - target: {fileID: 4003734436694116, guid: 420a6739006fcbb47861362b3ba13ada, type: 2}
      propertyPath: m_LocalRotation.x
      value: -0
      objectReference: {fileID: 0}
    - target: {fileID: 4003734436694116, guid: 420a6739006fcbb47861362b3ba13ada, type: 2}
      propertyPath: m_LocalRotation.y
      value: -0
      objectReference: {fileID: 0}
    - target: {fileID: 4003734436694116, guid: 420a6739006fcbb47861362b3ba13ada, type: 2}
      propertyPath: m_LocalRotation.z
      value: -0
      objectReference: {fileID: 0}
    - target: {fileID: 4003734436694116, guid: 420a6739006fcbb47861362b3ba13ada, type: 2}
      propertyPath: m_LocalRotation.w
      value: 1
      objectReference: {fileID: 0}
    - target: {fileID: 4003734436694116, guid: 420a6739006fcbb47861362b3ba13ada, type: 2}
      propertyPath: m_RootOrder
      value: 1
      objectReference: {fileID: 0}
    m_RemovedComponents: []
  m_SourcePrefab: {fileID: 100100000, guid: 420a6739006fcbb47861362b3ba13ada, type: 2}
  m_IsPrefabAsset: 0
--- !u!4 &1982890106 stripped
Transform:
  m_CorrespondingSourceObject: {fileID: 4003734436694116, guid: 420a6739006fcbb47861362b3ba13ada,
    type: 2}
  m_PrefabInternal: {fileID: 1982890105}
--- !u!1001 &2003326428
Prefab:
  m_ObjectHideFlags: 0
  serializedVersion: 2
  m_Modification:
    m_TransformParent: {fileID: 1144728619}
    m_Modifications:
    - target: {fileID: 4091944897958338, guid: 180eeb53df9bd7c4a81485c563dee93f, type: 2}
      propertyPath: m_LocalPosition.x
      value: -1186.9875
      objectReference: {fileID: 0}
    - target: {fileID: 4091944897958338, guid: 180eeb53df9bd7c4a81485c563dee93f, type: 2}
      propertyPath: m_LocalPosition.y
      value: -782.2856
      objectReference: {fileID: 0}
    - target: {fileID: 4091944897958338, guid: 180eeb53df9bd7c4a81485c563dee93f, type: 2}
      propertyPath: m_LocalPosition.z
      value: 27.358215
      objectReference: {fileID: 0}
    - target: {fileID: 4091944897958338, guid: 180eeb53df9bd7c4a81485c563dee93f, type: 2}
      propertyPath: m_LocalRotation.x
      value: -0
      objectReference: {fileID: 0}
    - target: {fileID: 4091944897958338, guid: 180eeb53df9bd7c4a81485c563dee93f, type: 2}
      propertyPath: m_LocalRotation.y
      value: -0
      objectReference: {fileID: 0}
    - target: {fileID: 4091944897958338, guid: 180eeb53df9bd7c4a81485c563dee93f, type: 2}
      propertyPath: m_LocalRotation.z
      value: -0
      objectReference: {fileID: 0}
    - target: {fileID: 4091944897958338, guid: 180eeb53df9bd7c4a81485c563dee93f, type: 2}
      propertyPath: m_LocalRotation.w
      value: 1
      objectReference: {fileID: 0}
    - target: {fileID: 4091944897958338, guid: 180eeb53df9bd7c4a81485c563dee93f, type: 2}
      propertyPath: m_RootOrder
      value: 2
      objectReference: {fileID: 0}
    m_RemovedComponents: []
  m_SourcePrefab: {fileID: 100100000, guid: 180eeb53df9bd7c4a81485c563dee93f, type: 2}
  m_IsPrefabAsset: 0
--- !u!4 &2003326429 stripped
Transform:
  m_CorrespondingSourceObject: {fileID: 4091944897958338, guid: 180eeb53df9bd7c4a81485c563dee93f,
    type: 2}
  m_PrefabInternal: {fileID: 2003326428}
--- !u!1001 &2027557440
Prefab:
  m_ObjectHideFlags: 0
  serializedVersion: 2
  m_Modification:
    m_TransformParent: {fileID: 1144728619}
    m_Modifications:
    - target: {fileID: 4367671492367730, guid: 54af32d3d7b483a4abef30062acaddda, type: 2}
      propertyPath: m_LocalPosition.x
      value: -1194.7601
      objectReference: {fileID: 0}
    - target: {fileID: 4367671492367730, guid: 54af32d3d7b483a4abef30062acaddda, type: 2}
      propertyPath: m_LocalPosition.y
      value: -779.751
      objectReference: {fileID: 0}
    - target: {fileID: 4367671492367730, guid: 54af32d3d7b483a4abef30062acaddda, type: 2}
      propertyPath: m_LocalPosition.z
      value: 28.240282
      objectReference: {fileID: 0}
    - target: {fileID: 4367671492367730, guid: 54af32d3d7b483a4abef30062acaddda, type: 2}
      propertyPath: m_LocalRotation.x
      value: 0.40334788
      objectReference: {fileID: 0}
    - target: {fileID: 4367671492367730, guid: 54af32d3d7b483a4abef30062acaddda, type: 2}
      propertyPath: m_LocalRotation.y
      value: 0.27055237
      objectReference: {fileID: 0}
    - target: {fileID: 4367671492367730, guid: 54af32d3d7b483a4abef30062acaddda, type: 2}
      propertyPath: m_LocalRotation.z
      value: -0.12616071
      objectReference: {fileID: 0}
    - target: {fileID: 4367671492367730, guid: 54af32d3d7b483a4abef30062acaddda, type: 2}
      propertyPath: m_LocalRotation.w
      value: 0.86498284
      objectReference: {fileID: 0}
    - target: {fileID: 4367671492367730, guid: 54af32d3d7b483a4abef30062acaddda, type: 2}
      propertyPath: m_RootOrder
      value: 10
      objectReference: {fileID: 0}
    m_RemovedComponents: []
  m_SourcePrefab: {fileID: 100100000, guid: 54af32d3d7b483a4abef30062acaddda, type: 2}
  m_IsPrefabAsset: 0
--- !u!4 &2027557441 stripped
Transform:
  m_CorrespondingSourceObject: {fileID: 4367671492367730, guid: 54af32d3d7b483a4abef30062acaddda,
    type: 2}
  m_PrefabInternal: {fileID: 2027557440}
--- !u!1 &2114770788
GameObject:
  m_ObjectHideFlags: 0
  m_CorrespondingSourceObject: {fileID: 0}
  m_PrefabInternal: {fileID: 0}
  serializedVersion: 6
  m_Component:
  - component: {fileID: 2114770789}
  m_Layer: 0
  m_Name: '----enemies----'
  m_TagString: Untagged
  m_Icon: {fileID: 0}
  m_NavMeshLayer: 0
  m_StaticEditorFlags: 0
  m_IsActive: 1
--- !u!4 &2114770789
Transform:
  m_ObjectHideFlags: 0
  m_CorrespondingSourceObject: {fileID: 0}
  m_PrefabInternal: {fileID: 0}
  m_GameObject: {fileID: 2114770788}
  m_LocalRotation: {x: 0, y: 0, z: 0, w: 1}
  m_LocalPosition: {x: -8.392855, y: -7.78584, z: -5.2643723}
  m_LocalScale: {x: 1, y: 1, z: 1}
  m_Children: []
  m_Father: {fileID: 0}
  m_RootOrder: 7
  m_LocalEulerAnglesHint: {x: 0, y: 0, z: 0}
