%YAML 1.1
%TAG !u! tag:unity3d.com,2011:
--- !u!1001 &100100000
Prefab:
  m_ObjectHideFlags: 1
  serializedVersion: 2
  m_Modification:
    m_TransformParent: {fileID: 0}
    m_Modifications: []
    m_RemovedComponents: []
  m_SourcePrefab: {fileID: 0}
  m_RootGameObject: {fileID: 1322174629070272}
  m_IsPrefabAsset: 1
--- !u!1 &1322174629070272
GameObject:
  m_ObjectHideFlags: 0
  m_CorrespondingSourceObject: {fileID: 0}
  m_PrefabInternal: {fileID: 100100000}
  serializedVersion: 6
  m_Component:
  - component: {fileID: 4120181403711328}
  - component: {fileID: 114451422319030724}
  - component: {fileID: 114211574362059140}
  - component: {fileID: 114100691900687708}
  - component: {fileID: 114274046921520098}
  - component: {fileID: 114869283650780768}
  m_Layer: 0
  m_Name: TakedownNoiseMaker
  m_TagString: Untagged
  m_Icon: {fileID: 0}
  m_NavMeshLayer: 0
  m_StaticEditorFlags: 0
  m_IsActive: 1
--- !u!4 &4120181403711328
Transform:
  m_ObjectHideFlags: 1
  m_CorrespondingSourceObject: {fileID: 0}
  m_PrefabInternal: {fileID: 100100000}
  m_GameObject: {fileID: 1322174629070272}
  m_LocalRotation: {x: 0, y: 0, z: 0, w: 1}
  m_LocalPosition: {x: 0, y: 0, z: 0}
  m_LocalScale: {x: 1, y: 1, z: 1}
  m_Children: []
  m_Father: {fileID: 0}
  m_RootOrder: 0
  m_LocalEulerAnglesHint: {x: 0, y: 0, z: 0}
--- !u!114 &114100691900687708
MonoBehaviour:
  m_ObjectHideFlags: 1
  m_CorrespondingSourceObject: {fileID: 0}
  m_PrefabInternal: {fileID: 100100000}
  m_GameObject: {fileID: 1322174629070272}
  m_Enabled: 1
  m_EditorHideFlags: 0
  m_Script: {fileID: 11500000, guid: 5ce51fe39b02c8b4d8f451f6f71a0dde, type: 3}
  m_Name: 
  m_EditorClassIdentifier: 
  DeveloperDescription: 
  Event: {fileID: 11400000, guid: 771ab25ee7f2cd74094349b9b37c3f2b, type: 2}
  Response:
    m_PersistentCalls:
      m_Calls:
      - m_Target: {fileID: 114211574362059140}
        m_MethodName: StopNoise
        m_Mode: 1
        m_Arguments:
          m_ObjectArgument: {fileID: 0}
          m_ObjectArgumentAssemblyTypeName: UnityEngine.Object, UnityEngine
          m_IntArgument: 0
          m_FloatArgument: 0
          m_StringArgument: 
          m_BoolArgument: 0
        m_CallState: 2
    m_TypeName: UnityEngine.Events.UnityEvent, UnityEngine.CoreModule, Version=0.0.0.0,
      Culture=neutral, PublicKeyToken=null
--- !u!114 &114211574362059140
MonoBehaviour:
  m_ObjectHideFlags: 1
  m_CorrespondingSourceObject: {fileID: 0}
  m_PrefabInternal: {fileID: 100100000}
  m_GameObject: {fileID: 1322174629070272}
  m_Enabled: 1
  m_EditorHideFlags: 0
  m_Script: {fileID: 11500000, guid: f922859bef6a528469a441c4f5e495d7, type: 3}
  m_Name: 
  m_EditorClassIdentifier: 
  updateEvent: {fileID: 11400000, guid: af942188b5c80f7458e2ae394666daec, type: 2}
  noiseDistance:
    UseConstant: 0
    ConstantValue: 0
    Variable: {fileID: 11400000, guid: 52c7429d13735ed4a9796ef388b35cec, type: 2}
  enemyToKill: {fileID: 11400000, guid: 22f9a6027fa311f449f48447363eb831, type: 2}
  noiseMaker: {fileID: 114451422319030724}
--- !u!114 &114274046921520098
MonoBehaviour:
  m_ObjectHideFlags: 1
  m_CorrespondingSourceObject: {fileID: 0}
  m_PrefabInternal: {fileID: 100100000}
  m_GameObject: {fileID: 1322174629070272}
  m_Enabled: 1
  m_EditorHideFlags: 0
  m_Script: {fileID: 11500000, guid: 5ce51fe39b02c8b4d8f451f6f71a0dde, type: 3}
  m_Name: 
  m_EditorClassIdentifier: 
  DeveloperDescription: 
  Event: {fileID: 11400000, guid: ff2f4f1db060ee74a8e9205f4fcbf256, type: 2}
  Response:
    m_PersistentCalls:
      m_Calls:
      - m_Target: {fileID: 114211574362059140}
        m_MethodName: StopNoise
        m_Mode: 1
        m_Arguments:
          m_ObjectArgument: {fileID: 0}
          m_ObjectArgumentAssemblyTypeName: UnityEngine.Object, UnityEngine
          m_IntArgument: 0
          m_FloatArgument: 0
          m_StringArgument: 
          m_BoolArgument: 0
        m_CallState: 2
    m_TypeName: UnityEngine.Events.UnityEvent, UnityEngine.CoreModule, Version=0.0.0.0,
      Culture=neutral, PublicKeyToken=null
--- !u!114 &114451422319030724
MonoBehaviour:
  m_ObjectHideFlags: 1
  m_CorrespondingSourceObject: {fileID: 0}
  m_PrefabInternal: {fileID: 100100000}
  m_GameObject: {fileID: 1322174629070272}
  m_Enabled: 1
  m_EditorHideFlags: 0
  m_Script: {fileID: 11500000, guid: b208986ccb97edb4f8c0606ad4349cd5, type: 3}
  m_Name: 
  m_EditorClassIdentifier: 
--- !u!114 &114869283650780768
MonoBehaviour:
  m_ObjectHideFlags: 1
  m_CorrespondingSourceObject: {fileID: 0}
  m_PrefabInternal: {fileID: 100100000}
  m_GameObject: {fileID: 1322174629070272}
  m_Enabled: 1
  m_EditorHideFlags: 0
  m_Script: {fileID: 11500000, guid: 5ce51fe39b02c8b4d8f451f6f71a0dde, type: 3}
  m_Name: 
  m_EditorClassIdentifier: 
  DeveloperDescription: 
  Event: {fileID: 11400000, guid: 3f54546d97d0a46448bbffef84f4c672, type: 2}
  Response:
    m_PersistentCalls:
      m_Calls:
      - m_Target: {fileID: 114211574362059140}
        m_MethodName: StartNoise
        m_Mode: 1
        m_Arguments:
          m_ObjectArgument: {fileID: 0}
          m_ObjectArgumentAssemblyTypeName: UnityEngine.Object, UnityEngine
          m_IntArgument: 0
          m_FloatArgument: 0
          m_StringArgument: 
          m_BoolArgument: 0
        m_CallState: 2
    m_TypeName: UnityEngine.Events.UnityEvent, UnityEngine.CoreModule, Version=0.0.0.0,
      Culture=neutral, PublicKeyToken=null
