%YAML 1.1
%TAG !u! tag:unity3d.com,2011:
--- !u!1001 &100100000
Prefab:
  m_ObjectHideFlags: 1
  serializedVersion: 2
  m_Modification:
    m_TransformParent: {fileID: 0}
    m_Modifications: []
    m_RemovedComponents: []
  m_SourcePrefab: {fileID: 0}
  m_RootGameObject: {fileID: 1654571787253884}
  m_IsPrefabAsset: 1
--- !u!1 &1654571787253884
GameObject:
  m_ObjectHideFlags: 0
  m_CorrespondingSourceObject: {fileID: 0}
  m_PrefabInternal: {fileID: 100100000}
  serializedVersion: 6
  m_Component:
  - component: {fileID: 4893201352808878}
  - component: {fileID: 114200351670546632}
  - component: {fileID: 114914486082456686}
  - component: {fileID: 114384224491381952}
  m_Layer: 0
  m_Name: WinController
  m_TagString: Untagged
  m_Icon: {fileID: 0}
  m_NavMeshLayer: 0
  m_StaticEditorFlags: 0
  m_IsActive: 1
--- !u!4 &4893201352808878
Transform:
  m_ObjectHideFlags: 1
  m_CorrespondingSourceObject: {fileID: 0}
  m_PrefabInternal: {fileID: 100100000}
  m_GameObject: {fileID: 1654571787253884}
  m_LocalRotation: {x: 0, y: 0, z: 0, w: 1}
  m_LocalPosition: {x: 0, y: 0, z: 0}
  m_LocalScale: {x: 1, y: 1, z: 1}
  m_Children: []
  m_Father: {fileID: 0}
  m_RootOrder: 0
  m_LocalEulerAnglesHint: {x: 0, y: 0, z: 0}
--- !u!114 &114200351670546632
MonoBehaviour:
  m_ObjectHideFlags: 1
  m_CorrespondingSourceObject: {fileID: 0}
  m_PrefabInternal: {fileID: 100100000}
  m_GameObject: {fileID: 1654571787253884}
  m_Enabled: 1
  m_EditorHideFlags: 0
  m_Script: {fileID: 11500000, guid: 83440e41044f520479899d8e705f4d5e, type: 3}
  m_Name: 
  m_EditorClassIdentifier: 
  openScene: {fileID: 11400000, guid: 9d4e2810e4ce83c47b7bec9e48b24d7f, type: 2}
  sceneSet: {fileID: 11400000, guid: ed0a6abc8343f5e42a5e1bd9aaaf2e32, type: 2}
  sceneSetLoader: {fileID: 11400000, guid: 6ef66d5aa74f26b4daea3ecb5bb07d1a, type: 2}
  sceneLoader: {fileID: 114384224491381952}
  winPanel: {fileID: 0}
  pauseGame: {fileID: 11400000, guid: 7fab16ec4b3b56344af9ccc4060c5b78, type: 2}
  updateScore: {fileID: 11400000, guid: c7b7eba154f47c44c8ea0e121ef8a7c0, type: 2}
  delayBeforePanel: 0.5
--- !u!114 &114384224491381952
MonoBehaviour:
  m_ObjectHideFlags: 1
  m_CorrespondingSourceObject: {fileID: 0}
  m_PrefabInternal: {fileID: 100100000}
  m_GameObject: {fileID: 1654571787253884}
  m_Enabled: 1
  m_EditorHideFlags: 0
  m_Script: {fileID: 11500000, guid: 4079abc2c138a24499e215a83999dde6, type: 3}
  m_Name: 
  m_EditorClassIdentifier: 
  sceneToLoad: Assets/Scenes/SceneLoaderScene.unity
  scene: {fileID: 102900000, guid: 5088ac173665f514ba7f90715a0dfb72, type: 3}
--- !u!114 &114914486082456686
MonoBehaviour:
  m_ObjectHideFlags: 1
  m_CorrespondingSourceObject: {fileID: 0}
  m_PrefabInternal: {fileID: 100100000}
  m_GameObject: {fileID: 1654571787253884}
  m_Enabled: 1
  m_EditorHideFlags: 0
  m_Script: {fileID: 11500000, guid: 5ce51fe39b02c8b4d8f451f6f71a0dde, type: 3}
  m_Name: 
  m_EditorClassIdentifier: 
  DeveloperDescription: 
  Event: {fileID: 11400000, guid: 8e479f12024a6604b86368b4090efbd3, type: 2}
  Response:
    m_PersistentCalls:
      m_Calls:
      - m_Target: {fileID: 114200351670546632}
        m_MethodName: Win
        m_Mode: 1
        m_Arguments:
          m_ObjectArgument: {fileID: 0}
          m_ObjectArgumentAssemblyTypeName: UnityEngine.Object, UnityEngine
          m_IntArgument: 0
          m_FloatArgument: 0
          m_StringArgument: 
          m_BoolArgument: 0
        m_CallState: 2
    m_TypeName: UnityEngine.Events.UnityEvent, UnityEngine.CoreModule, Version=0.0.0.0,
      Culture=neutral, PublicKeyToken=null
