%YAML 1.1
%TAG !u! tag:unity3d.com,2011:
--- !u!1001 &100100000
Prefab:
  m_ObjectHideFlags: 1
  serializedVersion: 2
  m_Modification:
    m_TransformParent: {fileID: 0}
    m_Modifications: []
    m_RemovedComponents: []
  m_SourcePrefab: {fileID: 0}
  m_RootGameObject: {fileID: 1790567338525770}
  m_IsPrefabAsset: 1
--- !u!1 &1790567338525770
GameObject:
  m_ObjectHideFlags: 0
  m_CorrespondingSourceObject: {fileID: 0}
  m_PrefabInternal: {fileID: 100100000}
  serializedVersion: 6
  m_Component:
  - component: {fileID: 4113434664074262}
  - component: {fileID: 114187086357208392}
  - component: {fileID: 114191513282455132}
  - component: {fileID: 114219466420466390}
  m_Layer: 0
  m_Name: TouchDashController
  m_TagString: Untagged
  m_Icon: {fileID: 0}
  m_NavMeshLayer: 0
  m_StaticEditorFlags: 0
  m_IsActive: 1
--- !u!4 &4113434664074262
Transform:
  m_ObjectHideFlags: 1
  m_CorrespondingSourceObject: {fileID: 0}
  m_PrefabInternal: {fileID: 100100000}
  m_GameObject: {fileID: 1790567338525770}
  m_LocalRotation: {x: 0, y: 0, z: 0, w: 1}
  m_LocalPosition: {x: 0, y: 0, z: 0}
  m_LocalScale: {x: 1, y: 1, z: 1}
  m_Children: []
  m_Father: {fileID: 0}
  m_RootOrder: 0
  m_LocalEulerAnglesHint: {x: 0, y: 0, z: 0}
--- !u!114 &114187086357208392
MonoBehaviour:
  m_ObjectHideFlags: 1
  m_CorrespondingSourceObject: {fileID: 0}
  m_PrefabInternal: {fileID: 100100000}
  m_GameObject: {fileID: 1790567338525770}
  m_Enabled: 1
  m_EditorHideFlags: 0
  m_Script: {fileID: 11500000, guid: e6501066c59e8d74baeeade11d27026d, type: 3}
  m_Name: 
  m_EditorClassIdentifier: 
  groundPositionOfTouch: {fileID: 11400000, guid: eb4aaf75f1f18d640955c3a302b23ce3,
    type: 2}
  playerSet: {fileID: 11400000, guid: cf6c1b74138705d4786f21de4f1cdb34, type: 2}
  dashDistanceAllowed:
    UseConstant: 0
    ConstantValue: 0
    Variable: {fileID: 11400000, guid: a5c5ea532f25944498fc8d6f94a47dae, type: 2}
  voidPositionToDashToo: {fileID: 11400000, guid: 91799308d8119a747bd2b58e1917895e,
    type: 2}
  dashStart: {fileID: 11400000, guid: af4241836c5e804439be6b54b5ab0af3, type: 2}
  checkDashAmo: {fileID: 11400000, guid: f6c8ce81937c18849b004f6a0daf5505, type: 2}
  wallMask:
    serializedVersion: 2
    m_Bits: 24576
  voidCharacterOffset:
    UseConstant: 0
    ConstantValue: 0
    Variable: {fileID: 11400000, guid: 54dceb98436d1974cae320b87a66cfde, type: 2}
--- !u!114 &114191513282455132
MonoBehaviour:
  m_ObjectHideFlags: 1
  m_CorrespondingSourceObject: {fileID: 0}
  m_PrefabInternal: {fileID: 100100000}
  m_GameObject: {fileID: 1790567338525770}
  m_Enabled: 1
  m_EditorHideFlags: 0
  m_Script: {fileID: 11500000, guid: 5ce51fe39b02c8b4d8f451f6f71a0dde, type: 3}
  m_Name: 
  m_EditorClassIdentifier: 
  DeveloperDescription: 
  Event: {fileID: 11400000, guid: af4241836c5e804439be6b54b5ab0af3, type: 2}
  Response:
    m_PersistentCalls:
      m_Calls:
      - m_Target: {fileID: 114187086357208392}
        m_MethodName: StartDashing
        m_Mode: 1
        m_Arguments:
          m_ObjectArgument: {fileID: 0}
          m_ObjectArgumentAssemblyTypeName: UnityEngine.Object, UnityEngine
          m_IntArgument: 0
          m_FloatArgument: 0
          m_StringArgument: 
          m_BoolArgument: 0
        m_CallState: 2
    m_TypeName: UnityEngine.Events.UnityEvent, UnityEngine.CoreModule, Version=0.0.0.0,
      Culture=neutral, PublicKeyToken=null
--- !u!114 &114219466420466390
MonoBehaviour:
  m_ObjectHideFlags: 1
  m_CorrespondingSourceObject: {fileID: 0}
  m_PrefabInternal: {fileID: 100100000}
  m_GameObject: {fileID: 1790567338525770}
  m_Enabled: 1
  m_EditorHideFlags: 0
  m_Script: {fileID: 11500000, guid: 5ce51fe39b02c8b4d8f451f6f71a0dde, type: 3}
  m_Name: 
  m_EditorClassIdentifier: 
  DeveloperDescription: 
  Event: {fileID: 11400000, guid: 71d79554503f0894bb8fa74d1cdad5dd, type: 2}
  Response:
    m_PersistentCalls:
      m_Calls:
      - m_Target: {fileID: 114187086357208392}
        m_MethodName: StopDashing
        m_Mode: 1
        m_Arguments:
          m_ObjectArgument: {fileID: 0}
          m_ObjectArgumentAssemblyTypeName: UnityEngine.Object, UnityEngine
          m_IntArgument: 0
          m_FloatArgument: 0
          m_StringArgument: 
          m_BoolArgument: 0
        m_CallState: 2
    m_TypeName: UnityEngine.Events.UnityEvent, UnityEngine.CoreModule, Version=0.0.0.0,
      Culture=neutral, PublicKeyToken=null
